
        <html lang="de" style="margin: 0;padding: 0;font-size: 16px;font-family: Arial, sans-serif;background-color: #eaeaea;">
            <head>
                <title>Lars Alkohol Radar</title>
                <meta charset="utf-8">
                <style>
                    img.g-img + div {display:none;}
                </style>
            </head>
            <body style="margin: 0;padding: 0;font-size: 16px;font-family: Arial, sans-serif;background-color: #eaeaea;">
                <a href="#">
                    <h1 style="text-align: center">
                        <img
                            src="https://raw.githubusercontent.com/Lars418/supermarket-discount-finder/main/img/alkoholradar.png"
                            alt="Lars Alkohol Radar"
                            draggable="false"
                            style="max-width: 1050px;width:100%"
                        >
                    </h1>
                </a>
                
                <strong style="display:block;text-align: center;color:red;">Einige E-Mail-Anbieter kürzen die E-Mail. Sofern am Ende der E-Mail "Vollständige Nachricht ansehen" steht, bitte unbedingt darauf klicken, da ansonsten nicht alle Angebote angezeigt werden.</strong>
                
                <hr>
    <table style="margin:2rem auto; border: none;border-spacing: 0.25rem;"><tbody>
            <tr>
                <td colspan="4">
                    <h2 style="margin: 0 0 0.5rem 0;">EDEKA (Cloppenburg)</h2>
                </td>
            </tr>
        
            <tr>
                <td colspan="4">
                    <p style="margin: 0;">Gültig vom 25.3.2024 bis zum 30.3.2024</p>
                </td>
            </tr><tr>
                    <td>
                       <div style="width: 250px;height:400px;padding: 0.25rem;background-color: #d5d5d5;">
                           <div style="background-color: white;height: 244px;position: relative;margin: auto;padding: .25rem;">
                                <img src="https://offer-images.api.edeka/fa82cbec-e1f7-43c0-8c20-f9ece359754a_8002230000302_VOR.png" alt="" draggable="false" style="text-align: center;vertical-align: center;width: 220px;height: 200px;object-fit: contain;">
                                <div style="text-align: right;font-size: 1.25rem;font-weight: bold;color: red;">
                                    
                                    <span>9,49 €</span>
                                </div>
                           </div> 
                           <h3 style="word-break: break-all;">Aperol</h3>
                           
                               
                           
                           
                           <p style=" margin: 0; color: darkgray;font-size: 0.85rem;">ital. Aperitif, 11% Vol., 0,7l Flasche, (1l=13,56)</p>
                           <!--
                           
                           <p style=" margin: 0; color: darkgray;font-size: 0.85rem;">0,7l Flasche</p>
                                   -->             
                        </div>             
                    </td>
                
                    <td>
                       <div style="width: 250px;height:400px;padding: 0.25rem;background-color: #d5d5d5;">
                           <div style="background-color: white;height: 244px;position: relative;margin: auto;padding: .25rem;">
                                <img src="https://offer-images.api.edeka/e872d225-09cf-42fa-adf8-0de44f40ec07_8718612000111_VOR.png" alt="" draggable="false" style="text-align: center;vertical-align: center;width: 220px;height: 200px;object-fit: contain;">
                                <div style="text-align: right;font-size: 1.25rem;font-weight: bold;color: red;">
                                    
                                    <span>0,88 €</span>
                                </div>
                           </div> 
                           <h3 style="word-break: break-all;">Arizona</h3>
                           
                               
                           
                           
                           <p style=" margin: 0; color: darkgray;font-size: 0.85rem;">Erfrischungsgetränke, versch. Sorten, + 0,25 Pfand, 0,5l PET-DPG-Flasche, (1l=1,76)</p>
                           <!--
                           
                           <p style=" margin: 0; color: darkgray;font-size: 0.85rem;">0,5l PET-DPG-Flasche</p>
                                   -->             
                        </div>             
                    </td>
                
                    <td>
                       <div style="width: 250px;height:400px;padding: 0.25rem;background-color: #d5d5d5;">
                           <div style="background-color: white;height: 244px;position: relative;margin: auto;padding: .25rem;">
                                <img src="https://offer-images.api.edeka/556d9962-0fdc-4f66-8c66-08d82b20a687_7594003621568_VOR.png" alt="" draggable="false" style="text-align: center;vertical-align: center;width: 220px;height: 200px;object-fit: contain;">
                                <div style="text-align: right;font-size: 1.25rem;font-weight: bold;color: red;">
                                    
                                    <span>29,99 €</span>
                                </div>
                           </div> 
                           <h3 style="word-break: break-all;">Botucal</h3>
                           
                               
                           
                           
                           <p style=" margin: 0; color: darkgray;font-size: 0.85rem;">Reserva Exclusiva, 40% Vol., 0,7l Flasche, (1l=42,84)</p>
                           <!--
                           
                           <p style=" margin: 0; color: darkgray;font-size: 0.85rem;">0,7l Flasche</p>
                                   -->             
                        </div>             
                    </td>
                
                    <td>
                       <div style="width: 250px;height:400px;padding: 0.25rem;background-color: #d5d5d5;">
                           <div style="background-color: white;height: 244px;position: relative;margin: auto;padding: .25rem;">
                                <img src="https://offer-images.api.edeka/3e1c0071-4116-442a-b004-4a11fabc2fd7_5449000043344_PER.png" alt="" draggable="false" style="text-align: center;vertical-align: center;width: 220px;height: 200px;object-fit: contain;">
                                <div style="text-align: right;font-size: 1.25rem;font-weight: bold;color: red;">
                                    
                                    <span>4,49 €</span>
                                </div>
                           </div> 
                           <h3 style="word-break: break-all;">Coca Cola, Fanta, Sprite oder Mezzo Mix</h3>
                           
                               
                           
                           
                           <p style=" margin: 0; color: darkgray;font-size: 0.85rem;">versch. Sorten, + 0,90 Pfand, 6x0,33l Flasche, (1l=2,27)</p>
                           <!--
                           
                           <p style=" margin: 0; color: darkgray;font-size: 0.85rem;">6x0,33l Flasche</p>
                                   -->             
                        </div>             
                    </td>
                </tr><tr>
                    <td>
                       <div style="width: 250px;height:400px;padding: 0.25rem;background-color: #d5d5d5;">
                           <div style="background-color: white;height: 244px;position: relative;margin: auto;padding: .25rem;">
                                <img src="https://offer-images.api.edeka/a6889822-f6b5-449c-963a-1623ec932840_CC_12x1L_MW.png" alt="" draggable="false" style="text-align: center;vertical-align: center;width: 220px;height: 200px;object-fit: contain;">
                                <div style="text-align: right;font-size: 1.25rem;font-weight: bold;color: red;">
                                    
                                    <span>9,49 €</span>
                                </div>
                           </div> 
                           <h3 style="word-break: break-all;">Coca-Cola, Fanta oder Sprite</h3>
                           
                               
                           
                           
                           <p style=" margin: 0; color: darkgray;font-size: 0.85rem;">teilw. koffeinhaltig, + 3,30 Pfand, 12x1l PET-Flasche, (1l=0,79)</p>
                           <!--
                           
                           <p style=" margin: 0; color: darkgray;font-size: 0.85rem;">12x1l PET-Flasche</p>
                                   -->             
                        </div>             
                    </td>
                
                    <td>
                       <div style="width: 250px;height:400px;padding: 0.25rem;background-color: #d5d5d5;">
                           <div style="background-color: white;height: 244px;position: relative;margin: auto;padding: .25rem;">
                                <img src="https://offer-images.api.edeka/0f3c0e1a-74c3-41b7-a023-78013ddf7c46_4019313006025.png" alt="" draggable="false" style="text-align: center;vertical-align: center;width: 220px;height: 200px;object-fit: contain;">
                                <div style="text-align: right;font-size: 1.25rem;font-weight: bold;color: red;">
                                    
                                    <span>0,88 €</span>
                                </div>
                           </div> 
                           <h3 style="word-break: break-all;">Deit</h3>
                           
                               
                           
                           
                           <p style=" margin: 0; color: darkgray;font-size: 0.85rem;">kalorienarme Erfrischungsgetränke, versch. Sorten, + 0,25 Pfand, 0,75l PET-DPG-Flasche, (1l=1,17)</p>
                           <!--
                           
                           <p style=" margin: 0; color: darkgray;font-size: 0.85rem;">0,75l PET-DPG-Flasche</p>
                                   -->             
                        </div>             
                    </td>
                
                    <td>
                       <div style="width: 250px;height:400px;padding: 0.25rem;background-color: #d5d5d5;">
                           <div style="background-color: white;height: 244px;position: relative;margin: auto;padding: .25rem;">
                                <img src="https://offer-images.api.edeka/67739202-876f-43a6-a697-efcc7d5d61cf_4103080000116_PER.png" alt="" draggable="false" style="text-align: center;vertical-align: center;width: 220px;height: 200px;object-fit: contain;">
                                <div style="text-align: right;font-size: 1.25rem;font-weight: bold;color: red;">
                                    
                                    <span>12,49 €</span>
                                </div>
                           </div> 
                           <h3 style="word-break: break-all;">Flensburger Bierspezialitäten</h3>
                           
                               
                           
                           
                           <p style=" margin: 0; color: darkgray;font-size: 0.85rem;">versch. Sorten, + 4,50 Pfand, 20x0,33l Bügelflasche, (1l=1,89)</p>
                           <!--
                           
                           <p style=" margin: 0; color: darkgray;font-size: 0.85rem;">20x0,33l Bügelflasche</p>
                                   -->             
                        </div>             
                    </td>
                
                    <td>
                       <div style="width: 250px;height:400px;padding: 0.25rem;background-color: #d5d5d5;">
                           <div style="background-color: white;height: 244px;position: relative;margin: auto;padding: .25rem;">
                                <img src="https://offer-images.api.edeka/d330e69b-cf1e-4e66-b1f3-ceb1ee94e0c6_3185370001233.png" alt="" draggable="false" style="text-align: center;vertical-align: center;width: 220px;height: 200px;object-fit: contain;">
                                <div style="text-align: right;font-size: 1.25rem;font-weight: bold;color: red;">
                                    
                                    <span>34,99 €</span>
                                </div>
                           </div> 
                           <h3 style="word-break: break-all;">Frankreich Moët & Chandon</h3>
                           
                               
                           
                           
                           <p style=" margin: 0; color: darkgray;font-size: 0.85rem;">Brut Imperial, 0,75l Flasche, (1l=46,65)</p>
                           <!--
                           
                           <p style=" margin: 0; color: darkgray;font-size: 0.85rem;">0,75l Flasche</p>
                                   -->             
                        </div>             
                    </td>
                </tr><tr>
                    <td>
                       <div style="width: 250px;height:400px;padding: 0.25rem;background-color: #d5d5d5;">
                           <div style="background-color: white;height: 244px;position: relative;margin: auto;padding: .25rem;">
                                <img src="https://offer-images.api.edeka/38ddd5ab-97b4-4e39-a6e7-9ac7c69afc41_8410036002022_VOR.png" alt="" draggable="false" style="text-align: center;vertical-align: center;width: 220px;height: 200px;object-fit: contain;">
                                <div style="text-align: right;font-size: 1.25rem;font-weight: bold;color: red;">
                                    
                                    <span>3,77 €</span>
                                </div>
                           </div> 
                           <h3 style="word-break: break-all;">Freixenet</h3>
                           
                               
                           
                           
                           <p style=" margin: 0; color: darkgray;font-size: 0.85rem;">versch. Sorten, 0,75l Flasche, (1l=5,03)</p>
                           <!--
                           
                           <p style=" margin: 0; color: darkgray;font-size: 0.85rem;">0,75l Flasche</p>
                                   -->             
                        </div>             
                    </td>
                
                    <td>
                       <div style="width: 250px;height:400px;padding: 0.25rem;background-color: #d5d5d5;">
                           <div style="background-color: white;height: 244px;position: relative;margin: auto;padding: .25rem;">
                                <img src="https://offer-images.api.edeka/c87e094b-38cc-48cd-bad7-4a562c7211c7_4048517701955_VOR.png" alt="" draggable="false" style="text-align: center;vertical-align: center;width: 220px;height: 200px;object-fit: contain;">
                                <div style="text-align: right;font-size: 1.25rem;font-weight: bold;color: red;">
                                    
                                    <span>1,39 €</span>
                                </div>
                           </div> 
                           <h3 style="word-break: break-all;">Hohes C**</h3>
                           
                               
                           
                           
                           <p style=" margin: 0; color: darkgray;font-size: 0.85rem;">versch. Sorten, + 0,25 Pfand, **ausgenommen sind die Sorten Orange und Milde Orange, 1l DPG-Flasche</p>
                           <!--
                           
                           <p style=" margin: 0; color: darkgray;font-size: 0.85rem;">1l DPG-Flasche</p>
                                   -->             
                        </div>             
                    </td>
                
                    <td>
                       <div style="width: 250px;height:400px;padding: 0.25rem;background-color: #d5d5d5;">
                           <div style="background-color: white;height: 244px;position: relative;margin: auto;padding: .25rem;">
                                <img src="https://offer-images.api.edeka/68bd132e-009e-4a73-a291-e62f6fb7f9ce_5099873089798_VOR.png" alt="" draggable="false" style="text-align: center;vertical-align: center;width: 220px;height: 200px;object-fit: contain;">
                                <div style="text-align: right;font-size: 1.25rem;font-weight: bold;color: red;">
                                    
                                    <span>14,99 €</span>
                                </div>
                           </div> 
                           <h3 style="word-break: break-all;">Jack Daniel's</h3>
                           
                               
                           
                           
                           <p style=" margin: 0; color: darkgray;font-size: 0.85rem;">versch. Sorten, 0,7l Flasche, (1l=21,41)</p>
                           <!--
                           
                           <p style=" margin: 0; color: darkgray;font-size: 0.85rem;">0,7l Flasche</p>
                                   -->             
                        </div>             
                    </td>
                
                    <td>
                       <div style="width: 250px;height:400px;padding: 0.25rem;background-color: #d5d5d5;">
                           <div style="background-color: white;height: 244px;position: relative;margin: auto;padding: .25rem;">
                                <img src="https://offer-images.api.edeka/aff39213-23f6-4918-8e19-3d8910c08c51_4008948104510_VOR.png" alt="" draggable="false" style="text-align: center;vertical-align: center;width: 220px;height: 200px;object-fit: contain;">
                                <div style="text-align: right;font-size: 1.25rem;font-weight: bold;color: red;">
                                    
                                    <span>11,49 €</span>
                                </div>
                           </div> 
                           <h3 style="word-break: break-all;">Jever Pilsener</h3>
                           
                               
                           
                           
                           <p style=" margin: 0; color: darkgray;font-size: 0.85rem;">versch. Sorten, + 3,42/3,10 Pfand, je nach Verfügbarkeit im Markt, 24x0,33l/20x0,5l Flasche, (1l=1,45/1,15)</p>
                           <!--
                           
                           <p style=" margin: 0; color: darkgray;font-size: 0.85rem;">24x0,33l/20x0,5l Flasche</p>
                                   -->             
                        </div>             
                    </td>
                </tr><tr>
                    <td>
                       <div style="width: 250px;height:400px;padding: 0.25rem;background-color: #d5d5d5;">
                           <div style="background-color: white;height: 244px;position: relative;margin: auto;padding: .25rem;">
                                <img src="https://offer-images.api.edeka/eaec48b4-3e36-4ff5-8725-926008762c2a_5000267024202_VOR.png" alt="" draggable="false" style="text-align: center;vertical-align: center;width: 220px;height: 200px;object-fit: contain;">
                                <div style="text-align: right;font-size: 1.25rem;font-weight: bold;color: red;">
                                    
                                    <span>19,99 €</span>
                                </div>
                           </div> 
                           <h3 style="word-break: break-all;">Johnnie Walker Black Label</h3>
                           
                               
                           
                           
                           <p style=" margin: 0; color: darkgray;font-size: 0.85rem;">40% Vol., 0,7l Flasche, (1l=28,56)</p>
                           <!--
                           
                           <p style=" margin: 0; color: darkgray;font-size: 0.85rem;">0,7l Flasche</p>
                                   -->             
                        </div>             
                    </td>
                
                    <td>
                       <div style="width: 250px;height:400px;padding: 0.25rem;background-color: #d5d5d5;">
                           <div style="background-color: white;height: 244px;position: relative;margin: auto;padding: .25rem;">
                                <img src="https://offer-images.api.edeka/535f5af4-b674-4782-a1e1-08e27d0b695b_6412700148007_VOR.png" alt="" draggable="false" style="text-align: center;vertical-align: center;width: 220px;height: 200px;object-fit: contain;">
                                <div style="text-align: right;font-size: 1.25rem;font-weight: bold;color: red;">
                                    
                                    <span>10,99 €</span>
                                </div>
                           </div> 
                           <h3 style="word-break: break-all;">Koskenkorva Vodka</h3>
                           
                               
                           
                           
                           <p style=" margin: 0; color: darkgray;font-size: 0.85rem;">40% Vol., 0,7l Flasche, (1l=15,70)</p>
                           <!--
                           
                           <p style=" margin: 0; color: darkgray;font-size: 0.85rem;">0,7l Flasche</p>
                                   -->             
                        </div>             
                    </td>
                
                    <td>
                       <div style="width: 250px;height:400px;padding: 0.25rem;background-color: #d5d5d5;">
                           <div style="background-color: white;height: 244px;position: relative;margin: auto;padding: .25rem;">
                                <img src="https://offer-images.api.edeka/fe0cea07-fc52-4305-a25e-c44d9f564074_4014964111593_AME.png" alt="" draggable="false" style="text-align: center;vertical-align: center;width: 220px;height: 200px;object-fit: contain;">
                                <div style="text-align: right;font-size: 1.25rem;font-weight: bold;color: red;">
                                    
                                    <span>12,99 €</span>
                                </div>
                           </div> 
                           <h3 style="word-break: break-all;">Köstritzer</h3>
                           
                               
                           
                           
                           <p style=" margin: 0; color: darkgray;font-size: 0.85rem;">versch. Sorten, + 3,10 Pfand, je nach Verfügbarkeit im Markt, 20x0,5l Flasche, (1l=1,30)</p>
                           <!--
                           
                           <p style=" margin: 0; color: darkgray;font-size: 0.85rem;">20x0,5l Flasche</p>
                                   -->             
                        </div>             
                    </td>
                
                    <td>
                       <div style="width: 250px;height:400px;padding: 0.25rem;background-color: #d5d5d5;">
                           <div style="background-color: white;height: 244px;position: relative;margin: auto;padding: .25rem;">
                                <img src="https://offer-images.api.edeka/e887e86b-7c1f-4675-aa67-a0510abcb8e1_4008287056020_einzelflasche_kiste.png" alt="" draggable="false" style="text-align: center;vertical-align: center;width: 220px;height: 200px;object-fit: contain;">
                                <div style="text-align: right;font-size: 1.25rem;font-weight: bold;color: red;">
                                    
                                    <span>10,49 €</span>
                                </div>
                           </div> 
                           <h3 style="word-break: break-all;">Krombacher</h3>
                           
                               
                           
                           
                           <p style=" margin: 0; color: darkgray;font-size: 0.85rem;">versch. Sorten, teilw. alkoholfrei oder koffeinhaltig, + 3,42/3,10 Pfand, je nach Verfügbarkeit im Markt, 24x0,33l/20x0,5l Flasche, (1l=1,32/1,05)</p>
                           <!--
                           
                           <p style=" margin: 0; color: darkgray;font-size: 0.85rem;">24x0,33l/20x0,5l Flasche</p>
                                   -->             
                        </div>             
                    </td>
                </tr><tr>
                    <td>
                       <div style="width: 250px;height:400px;padding: 0.25rem;background-color: #d5d5d5;">
                           <div style="background-color: white;height: 244px;position: relative;margin: auto;padding: .25rem;">
                                <img src="https://offer-images.api.edeka/b3eb5972-8f4f-409f-b56d-bf1023c1f1d2_4008287032031_VOR.png" alt="" draggable="false" style="text-align: center;vertical-align: center;width: 220px;height: 200px;object-fit: contain;">
                                <div style="text-align: right;font-size: 1.25rem;font-weight: bold;color: red;">
                                    
                                    <span>10,99 €</span>
                                </div>
                           </div> 
                           <h3 style="word-break: break-all;">Krombacher Pils</h3>
                           
                               
                           
                           
                           <p style=" margin: 0; color: darkgray;font-size: 0.85rem;">mit eingebautem Easy-Zapfhahn und CO2-System, für beste Zapfqualität, pfandfrei, 5l Fass, (1l=2,20)</p>
                           <!--
                           
                           <p style=" margin: 0; color: darkgray;font-size: 0.85rem;">5l Fass</p>
                                   -->             
                        </div>             
                    </td>
                
                    <td>
                       <div style="width: 250px;height:400px;padding: 0.25rem;background-color: #d5d5d5;">
                           <div style="background-color: white;height: 244px;position: relative;margin: auto;padding: .25rem;">
                                <img src="https://offer-images.api.edeka/27b1a5a5-46e8-4ab9-a033-2614abdf50e4_3163932468526_VOR.png" alt="" draggable="false" style="text-align: center;vertical-align: center;width: 220px;height: 200px;object-fit: contain;">
                                <div style="text-align: right;font-size: 1.25rem;font-weight: bold;color: red;">
                                    
                                    <span>6,99 €</span>
                                </div>
                           </div> 
                           <h3 style="word-break: break-all;">Lillet</h3>
                           
                               
                           
                           
                           <p style=" margin: 0; color: darkgray;font-size: 0.85rem;">Aperitif de France, versch. Sorten, 3x0,2l Flasche, (1l=11,65)</p>
                           <!--
                           
                           <p style=" margin: 0; color: darkgray;font-size: 0.85rem;">3x0,2l Flasche</p>
                                   -->             
                        </div>             
                    </td>
                
                    <td>
                       <div style="width: 250px;height:400px;padding: 0.25rem;background-color: #d5d5d5;">
                           <div style="background-color: white;height: 244px;position: relative;margin: auto;padding: .25rem;">
                                <img src="https://offer-images.api.edeka/eb7e422d-d85a-4323-a844-ebab318d20c1_8006220001669_VOR.png" alt="" draggable="false" style="text-align: center;vertical-align: center;width: 220px;height: 200px;object-fit: contain;">
                                <div style="text-align: right;font-size: 1.25rem;font-weight: bold;color: red;">
                                    
                                    <span>6,99 €</span>
                                </div>
                           </div> 
                           <h3 style="word-break: break-all;">Mionetto</h3>
                           
                               
                           
                           
                           <p style=" margin: 0; color: darkgray;font-size: 0.85rem;">Prosecco Spumante, versch. Sorten, 0,75l Flasche, (1l=9,32)</p>
                           <!--
                           
                           <p style=" margin: 0; color: darkgray;font-size: 0.85rem;">0,75l Flasche</p>
                                   -->             
                        </div>             
                    </td>
                
                    <td>
                       <div style="width: 250px;height:400px;padding: 0.25rem;background-color: #d5d5d5;">
                           <div style="background-color: white;height: 244px;position: relative;margin: auto;padding: .25rem;">
                                <img src="https://offer-images.api.edeka/f6c7f768-5aad-4bdc-890a-474d770b6cda_4066600103448_VOR.png" alt="" draggable="false" style="text-align: center;vertical-align: center;width: 220px;height: 200px;object-fit: contain;">
                                <div style="text-align: right;font-size: 1.25rem;font-weight: bold;color: red;">
                                    
                                    <span>0,66 €</span>
                                </div>
                           </div> 
                           <h3 style="word-break: break-all;">Paulaner Spezi</h3>
                           
                               
                           
                           
                           <p style=" margin: 0; color: darkgray;font-size: 0.85rem;">coffeinhaltige Orangenlimonade mit Cola, + 0,25 Pfand, 0,33l DPG-Dose, (1l=2,00)</p>
                           <!--
                           
                           <p style=" margin: 0; color: darkgray;font-size: 0.85rem;">0,33l DPG-Dose</p>
                                   -->             
                        </div>             
                    </td>
                </tr><tr>
                    <td>
                       <div style="width: 250px;height:400px;padding: 0.25rem;background-color: #d5d5d5;">
                           <div style="background-color: white;height: 244px;position: relative;margin: auto;padding: .25rem;">
                                <img src="https://offer-images.api.edeka/c8e76ccb-0b00-4373-a6da-fdf172e63fcf_4014388002026_PER.png" alt="" draggable="false" style="text-align: center;vertical-align: center;width: 220px;height: 200px;object-fit: contain;">
                                <div style="text-align: right;font-size: 1.25rem;font-weight: bold;color: red;">
                                    
                                    <span>9,99 €</span>
                                </div>
                           </div> 
                           <h3 style="word-break: break-all;">Radeberger Pilsner</h3>
                           
                               
                           
                           
                           <p style=" margin: 0; color: darkgray;font-size: 0.85rem;">+ 3,10 Pfand, 20x0,5l Flasche, (1l=1,00)</p>
                           <!--
                           
                           <p style=" margin: 0; color: darkgray;font-size: 0.85rem;">20x0,5l Flasche</p>
                                   -->             
                        </div>             
                    </td>
                
                    <td>
                       <div style="width: 250px;height:400px;padding: 0.25rem;background-color: #d5d5d5;">
                           <div style="background-color: white;height: 244px;position: relative;margin: auto;padding: .25rem;">
                                <img src="https://offer-images.api.edeka/33c6f68b-bb52-4bee-97fb-40743ac8567f_8006550301040_VOR.png" alt="" draggable="false" style="text-align: center;vertical-align: center;width: 220px;height: 200px;object-fit: contain;">
                                <div style="text-align: right;font-size: 1.25rem;font-weight: bold;color: red;">
                                    
                                    <span>9,49 €</span>
                                </div>
                           </div> 
                           <h3 style="word-break: break-all;">Ramazzotti</h3>
                           
                               
                           
                           
                           <p style=" margin: 0; color: darkgray;font-size: 0.85rem;">versch. Sorten, 0,7l Flasche, (1l=13,56)</p>
                           <!--
                           
                           <p style=" margin: 0; color: darkgray;font-size: 0.85rem;">0,7l Flasche</p>
                                   -->             
                        </div>             
                    </td>
                
                    <td>
                       <div style="width: 250px;height:400px;padding: 0.25rem;background-color: #d5d5d5;">
                           <div style="background-color: white;height: 244px;position: relative;margin: auto;padding: .25rem;">
                                <img src="https://offer-images.api.edeka/b6aa551d-e408-40f7-b40d-6b39d692f6f6_9008700204279_VOR.png" alt="" draggable="false" style="text-align: center;vertical-align: center;width: 220px;height: 200px;object-fit: contain;">
                                <div style="text-align: right;font-size: 1.25rem;font-weight: bold;color: red;">
                                    
                                    <span>0,77 €</span>
                                </div>
                           </div> 
                           <h3 style="word-break: break-all;">Rauch Eistee</h3>
                           
                               
                           
                           
                           <p style=" margin: 0; color: darkgray;font-size: 0.85rem;">versch. Sorten, + 0,25 Pfand, 1,5l Flasche, (1l=0,51)</p>
                           <!--
                           
                           <p style=" margin: 0; color: darkgray;font-size: 0.85rem;">1,5l Flasche</p>
                                   -->             
                        </div>             
                    </td>
                
                    <td>
                       <div style="width: 250px;height:400px;padding: 0.25rem;background-color: #d5d5d5;">
                           <div style="background-color: white;height: 244px;position: relative;margin: auto;padding: .25rem;">
                                <img src="https://offer-images.api.edeka/ef263334-060b-4ddb-95d7-fd38e0e958b6_90162565_VOR.png" alt="" draggable="false" style="text-align: center;vertical-align: center;width: 220px;height: 200px;object-fit: contain;">
                                <div style="text-align: right;font-size: 1.25rem;font-weight: bold;color: red;">
                                    
                                    <span>0,99 €</span>
                                </div>
                           </div> 
                           <h3 style="word-break: break-all;">Red Bull Energy-Drink</h3>
                           
                               
                           
                           
                           <p style=" margin: 0; color: darkgray;font-size: 0.85rem;">taurin- und koffeinhaltig, versch. Sorten, + 0,25 Pfand, 250ml DPG-Dose, (1l=3,96)</p>
                           <!--
                           
                           <p style=" margin: 0; color: darkgray;font-size: 0.85rem;">250ml DPG-Dose</p>
                                   -->             
                        </div>             
                    </td>
                </tr><tr>
                    <td>
                       <div style="width: 250px;height:400px;padding: 0.25rem;background-color: #d5d5d5;">
                           <div style="background-color: white;height: 244px;position: relative;margin: auto;padding: .25rem;">
                                <img src="https://offer-images.api.edeka/e8ed81e2-90f6-4f47-9a0c-5f53040a2f26_40376400_VOR.png" alt="" draggable="false" style="text-align: center;vertical-align: center;width: 220px;height: 200px;object-fit: contain;">
                                <div style="text-align: right;font-size: 1.25rem;font-weight: bold;color: red;">
                                    
                                    <span>0,55 €</span>
                                </div>
                           </div> 
                           <h3 style="word-break: break-all;">Sizilia Bio-Citrowürze oder Bio-Limette</h3>
                           
                               
                           
                           
                           <p style=" margin: 0; color: darkgray;font-size: 0.85rem;">Säuerungsmittel, 200ml Flasche, (1l=2,75)</p>
                           <!--
                           
                           <p style=" margin: 0; color: darkgray;font-size: 0.85rem;">200ml Flasche</p>
                                   -->             
                        </div>             
                    </td>
                
                    <td>
                       <div style="width: 250px;height:400px;padding: 0.25rem;background-color: #d5d5d5;">
                           <div style="background-color: white;height: 244px;position: relative;margin: auto;padding: .25rem;">
                                <img src="https://offer-images.api.edeka/bffa466c-7374-44ba-badc-848e261fd324_4053400136769_PER.png" alt="" draggable="false" style="text-align: center;vertical-align: center;width: 220px;height: 200px;object-fit: contain;">
                                <div style="text-align: right;font-size: 1.25rem;font-weight: bold;color: red;">
                                    
                                    <span>14,99 €</span>
                                </div>
                           </div> 
                           <h3 style="word-break: break-all;">Staropramen Lager</h3>
                           
                               
                           
                           
                           <p style=" margin: 0; color: darkgray;font-size: 0.85rem;">+ 3,10 Pfand, 20x0,5l Flasche, (1l=1,50)</p>
                           <!--
                           
                           <p style=" margin: 0; color: darkgray;font-size: 0.85rem;">20x0,5l Flasche</p>
                                   -->             
                        </div>             
                    </td>
                
                    <td>
                       <div style="width: 250px;height:400px;padding: 0.25rem;background-color: #d5d5d5;">
                           <div style="background-color: white;height: 244px;position: relative;margin: auto;padding: .25rem;">
                                <img src="https://offer-images.api.edeka/107ec7cb-2079-4118-88cf-460d49d2c580_4014807264004_PER.png" alt="" draggable="false" style="text-align: center;vertical-align: center;width: 220px;height: 200px;object-fit: contain;">
                                <div style="text-align: right;font-size: 1.25rem;font-weight: bold;color: red;">
                                    
                                    <span>5,99 €</span>
                                </div>
                           </div> 
                           <h3 style="word-break: break-all;">Störtebeker Bierspezialitäten</h3>
                           
                               
                           
                           
                           <p style=" margin: 0; color: darkgray;font-size: 0.85rem;">versch. Sorten, teilw. Bio, + 0,48 Pfand, 6x0,5l Flasche, (1l=2,00)</p>
                           <!--
                           
                           <p style=" margin: 0; color: darkgray;font-size: 0.85rem;">6x0,5l Flasche</p>
                                   -->             
                        </div>             
                    </td>
                
                    <td>
                       <div style="width: 250px;height:400px;padding: 0.25rem;background-color: #d5d5d5;">
                           <div style="background-color: white;height: 244px;position: relative;margin: auto;padding: .25rem;">
                                <img src="https://offer-images.api.edeka/35227ed4-0825-4a00-a5b5-c77d819eb7c0_4034100000246_PER.png" alt="" draggable="false" style="text-align: center;vertical-align: center;width: 220px;height: 200px;object-fit: contain;">
                                <div style="text-align: right;font-size: 1.25rem;font-weight: bold;color: red;">
                                    
                                    <span>7,99 €</span>
                                </div>
                           </div> 
                           <h3 style="word-break: break-all;">Underberg</h3>
                           
                               
                           
                           
                           <p style=" margin: 0; color: darkgray;font-size: 0.85rem;">44% Vol., 12x0,02l Packung, (1l=33,29)</p>
                           <!--
                           
                           <p style=" margin: 0; color: darkgray;font-size: 0.85rem;">12x0,02l Packung</p>
                                   -->             
                        </div>             
                    </td>
                </tr><tr>
                    <td>
                       <div style="width: 250px;height:400px;padding: 0.25rem;background-color: #d5d5d5;">
                           <div style="background-color: white;height: 244px;position: relative;margin: auto;padding: .25rem;">
                                <img src="https://offer-images.api.edeka/8452bbe1-be3e-4235-98fb-27b0ebe72546_4005249061955_PER.png" alt="" draggable="false" style="text-align: center;vertical-align: center;width: 220px;height: 200px;object-fit: contain;">
                                <div style="text-align: right;font-size: 1.25rem;font-weight: bold;color: red;">
                                    
                                    <span>12,99 €</span>
                                </div>
                           </div> 
                           <h3 style="word-break: break-all;">Veltins Helles Pülleken</h3>
                           
                               
                           
                           
                           <p style=" margin: 0; color: darkgray;font-size: 0.85rem;">+ 3,42 Pfand, 24x0,33l Flasche, (1l=1,64)</p>
                           <!--
                           
                           <p style=" margin: 0; color: darkgray;font-size: 0.85rem;">24x0,33l Flasche</p>
                                   -->             
                        </div>             
                    </td>
                
                    <td>
                       <div style="width: 250px;height:400px;padding: 0.25rem;background-color: #d5d5d5;">
                           <div style="background-color: white;height: 244px;position: relative;margin: auto;padding: .25rem;">
                                <img src="https://offer-images.api.edeka/99f7b88e-480f-4b65-a76e-0c875a5aad9f_40157115_VOR.png" alt="" draggable="false" style="text-align: center;vertical-align: center;width: 220px;height: 200px;object-fit: contain;">
                                <div style="text-align: right;font-size: 1.25rem;font-weight: bold;color: red;">
                                    
                                    <span>9,99 €</span>
                                </div>
                           </div> 
                           <h3 style="word-break: break-all;">Verpoorten</h3>
                           
                               
                           
                           
                           <p style=" margin: 0; color: darkgray;font-size: 0.85rem;">Eierlikör, 20% Vol., 0,7l Flasche, (1l=14,27)</p>
                           <!--
                           
                           <p style=" margin: 0; color: darkgray;font-size: 0.85rem;">0,7l Flasche</p>
                                   -->             
                        </div>             
                    </td>
                </tr></tbody></table><table style="margin:2rem auto; border: none;border-spacing: 0.25rem;"><tbody>
            <tr>
                <td colspan="4">
                    <h2 style="margin: 0 0 0.5rem 0;">KAUFLAND (bundesweit)</h2>
                </td>
            </tr>
        <tr>
                    <td>
                       <div style="width: 250px;height:400px;padding: 0.25rem;background-color: #d5d5d5;">
                           <div style="background-color: white;height: 244px;position: relative;margin: auto;padding: .25rem;">
                                <img src="https://kaufland.media.schwarz/is/image/schwarz/02070183e?JGstbGVnYWN5LW9uc2l0ZS00JA==" alt="" draggable="false" style="text-align: center;vertical-align: center;width: 220px;height: 200px;object-fit: contain;">
                                <div style="text-align: right;font-size: 1.25rem;font-weight: bold;color: red;">
                                    
                                    <span>8,88 €</span>
                                </div>
                           </div> 
                           <h3 style="word-break: break-all;">COCA-COLA, FANTA, SPRITE oder MEZZO MIX</h3>
                           
                               
                           
                           
                           
                           <!--
                           <p style=" margin: 0; color: darkgray;font-size: 0.85rem;">je Ka. 12 x 1-l-PET-Fl.</p>
                           <p style=" margin: 0; color: darkgray;font-size: 0.85rem;">(1 l = 0.74)</p>
                                   -->             
                        </div>             
                    </td>
                
                    <td>
                       <div style="width: 250px;height:400px;padding: 0.25rem;background-color: #d5d5d5;">
                           <div style="background-color: white;height: 244px;position: relative;margin: auto;padding: .25rem;">
                                <img src="https://kaufland.media.schwarz/is/image/schwarz/01031058?JGstbGVnYWN5LW9uc2l0ZS0zJA==" alt="" draggable="false" style="text-align: center;vertical-align: center;width: 220px;height: 200px;object-fit: contain;">
                                <div style="text-align: right;font-size: 1.25rem;font-weight: bold;color: red;">
                                    <span style="text-decoration: line-through;display:inline-block;margin-right:0.5rem;">0,95 €</span>
                                    <span>0,69 €</span>
                                </div>
                           </div> 
                           <h3 style="word-break: break-all;">COCA-COLA, FANTA, MEZZO MIX oder SPRITE Erfrischungsgetränk</h3>
                           
                               
                           Rabatt in Prozent: -27%
                           
                           
                           <!--
                           <p style=" margin: 0; color: darkgray;font-size: 0.85rem;">je 0,33-l-Dose</p>
                           <p style=" margin: 0; color: darkgray;font-size: 0.85rem;">(1 l = 2.10)</p>
                                   -->             
                        </div>             
                    </td>
                
                    <td>
                       <div style="width: 250px;height:400px;padding: 0.25rem;background-color: #d5d5d5;">
                           <div style="background-color: white;height: 244px;position: relative;margin: auto;padding: .25rem;">
                                <img src="https://kaufland.media.schwarz/is/image/schwarz/00895613?JGstbGVnYWN5LW9uc2l0ZS0zJA==" alt="" draggable="false" style="text-align: center;vertical-align: center;width: 220px;height: 200px;object-fit: contain;">
                                <div style="text-align: right;font-size: 1.25rem;font-weight: bold;color: red;">
                                    <span style="text-decoration: line-through;display:inline-block;margin-right:0.5rem;">1,59 €</span>
                                    <span>1,19 €</span>
                                </div>
                           </div> 
                           <h3 style="word-break: break-all;">BEIL Apfel-Kirsche</h3>
                           
                               
                           Rabatt in Prozent: -25%
                           
                           
                           <!--
                           <p style=" margin: 0; color: darkgray;font-size: 0.85rem;">1-l-Fl.</p>
                           
                                   -->             
                        </div>             
                    </td>
                
                    <td>
                       <div style="width: 250px;height:400px;padding: 0.25rem;background-color: #d5d5d5;">
                           <div style="background-color: white;height: 244px;position: relative;margin: auto;padding: .25rem;">
                                <img src="https://kaufland.media.schwarz/is/image/schwarz/20691270?JGstbGVnYWN5LW9uc2l0ZS0zJA==" alt="" draggable="false" style="text-align: center;vertical-align: center;width: 220px;height: 200px;object-fit: contain;">
                                <div style="text-align: right;font-size: 1.25rem;font-weight: bold;color: red;">
                                    
                                    <span>1,29 €</span>
                                </div>
                           </div> 
                           <h3 style="word-break: break-all;">GRANINI Trinkgenuss oder Selection</h3>
                           
                               
                           
                           
                           
                           <!--
                           <p style=" margin: 0; color: darkgray;font-size: 0.85rem;">je 0,75 - 1-l-PET-Fl.</p>
                           <p style=" margin: 0; color: darkgray;font-size: 0.85rem;">(1 l = 1.29 - 1.72)</p>
                                   -->             
                        </div>             
                    </td>
                </tr><tr>
                    <td>
                       <div style="width: 250px;height:400px;padding: 0.25rem;background-color: #d5d5d5;">
                           <div style="background-color: white;height: 244px;position: relative;margin: auto;padding: .25rem;">
                                <img src="https://kaufland.media.schwarz/is/image/schwarz/02274322?JGstbGVnYWN5LW9uc2l0ZS0zJA==" alt="" draggable="false" style="text-align: center;vertical-align: center;width: 220px;height: 200px;object-fit: contain;">
                                <div style="text-align: right;font-size: 1.25rem;font-weight: bold;color: red;">
                                    
                                    <span>14,99 €</span>
                                </div>
                           </div> 
                           <h3 style="word-break: break-all;">COINTREAU Franz. Orangen-Likör</h3>
                           
                               
                           
                           
                           
                           <!--
                           <p style=" margin: 0; color: darkgray;font-size: 0.85rem;">0,7-l-Fl.</p>
                           <p style=" margin: 0; color: darkgray;font-size: 0.85rem;">(1 l = 21.42)</p>
                                   -->             
                        </div>             
                    </td>
                
                    <td>
                       <div style="width: 250px;height:400px;padding: 0.25rem;background-color: #d5d5d5;">
                           <div style="background-color: white;height: 244px;position: relative;margin: auto;padding: .25rem;">
                                <img src="https://kaufland.media.schwarz/is/image/schwarz/02273613?JGstbGVnYWN5LW9uc2l0ZS0yJA==" alt="" draggable="false" style="text-align: center;vertical-align: center;width: 220px;height: 200px;object-fit: contain;">
                                <div style="text-align: right;font-size: 1.25rem;font-weight: bold;color: red;">
                                    
                                    <span>9,99 €</span>
                                </div>
                           </div> 
                           <h3 style="word-break: break-all;">VERPOORTEN Eierlikör</h3>
                           
                               
                           
                           
                           
                           <!--
                           <p style=" margin: 0; color: darkgray;font-size: 0.85rem;">0,7-l-Fl.</p>
                           <p style=" margin: 0; color: darkgray;font-size: 0.85rem;">(1 l = 14.28)</p>
                                   -->             
                        </div>             
                    </td>
                
                    <td>
                       <div style="width: 250px;height:400px;padding: 0.25rem;background-color: #d5d5d5;">
                           <div style="background-color: white;height: 244px;position: relative;margin: auto;padding: .25rem;">
                                <img src="https://kaufland.media.schwarz/is/image/schwarz/01166432?JGstbGVnYWN5LW9uc2l0ZS00JA==" alt="" draggable="false" style="text-align: center;vertical-align: center;width: 220px;height: 200px;object-fit: contain;">
                                <div style="text-align: right;font-size: 1.25rem;font-weight: bold;color: red;">
                                    <span style="text-decoration: line-through;display:inline-block;margin-right:0.5rem;">27,99 €</span>
                                    <span>21,99 €</span>
                                </div>
                           </div> 
                           <h3 style="word-break: break-all;">ROKU Japanese Craft Gin</h3>
                           
                               
                           
                           
                           
                           <!--
                           <p style=" margin: 0; color: darkgray;font-size: 0.85rem;">0,7-l-Fl.</p>
                           <p style=" margin: 0; color: darkgray;font-size: 0.85rem;">(1 l = 31.42)</p>
                                   -->             
                        </div>             
                    </td>
                
                    <td>
                       <div style="width: 250px;height:400px;padding: 0.25rem;background-color: #d5d5d5;">
                           <div style="background-color: white;height: 244px;position: relative;margin: auto;padding: .25rem;">
                                <img src="https://kaufland.media.schwarz/is/image/schwarz/02205839?JGstbGVnYWN5LW9uc2l0ZS0zJA==" alt="" draggable="false" style="text-align: center;vertical-align: center;width: 220px;height: 200px;object-fit: contain;">
                                <div style="text-align: right;font-size: 1.25rem;font-weight: bold;color: red;">
                                    <span style="text-decoration: line-through;display:inline-block;margin-right:0.5rem;">13,99 €</span>
                                    <span>9,99 €</span>
                                </div>
                           </div> 
                           <h3 style="word-break: break-all;">BECHEROVKA Kräuter-Likör</h3>
                           
                               
                           Rabatt in Prozent: -28%
                           
                           
                           <!--
                           <p style=" margin: 0; color: darkgray;font-size: 0.85rem;">0,7-l-Fl.</p>
                           <p style=" margin: 0; color: darkgray;font-size: 0.85rem;">(1 l = 14.28)</p>
                                   -->             
                        </div>             
                    </td>
                </tr><tr>
                    <td>
                       <div style="width: 250px;height:400px;padding: 0.25rem;background-color: #d5d5d5;">
                           <div style="background-color: white;height: 244px;position: relative;margin: auto;padding: .25rem;">
                                <img src="https://kaufland.media.schwarz/is/image/schwarz/01061873?JGstbGVnYWN5LW9uc2l0ZS0zJA==" alt="" draggable="false" style="text-align: center;vertical-align: center;width: 220px;height: 200px;object-fit: contain;">
                                <div style="text-align: right;font-size: 1.25rem;font-weight: bold;color: red;">
                                    <span style="text-decoration: line-through;display:inline-block;margin-right:0.5rem;">2,99 €</span>
                                    <span>1,99 €</span>
                                </div>
                           </div> 
                           <h3 style="word-break: break-all;">HAVANA CLUB Alkoholisches Mixgetränk</h3>
                           
                               
                           Rabatt in Prozent: -33%
                           
                           
                           <!--
                           <p style=" margin: 0; color: darkgray;font-size: 0.85rem;">je 0,33-l-Dose</p>
                           <p style=" margin: 0; color: darkgray;font-size: 0.85rem;">(1 l = 6.03)</p>
                                   -->             
                        </div>             
                    </td>
                
                    <td>
                       <div style="width: 250px;height:400px;padding: 0.25rem;background-color: #d5d5d5;">
                           <div style="background-color: white;height: 244px;position: relative;margin: auto;padding: .25rem;">
                                <img src="https://kaufland.media.schwarz/is/image/schwarz/02187219?JGstbGVnYWN5LW9uc2l0ZS0zJA==" alt="" draggable="false" style="text-align: center;vertical-align: center;width: 220px;height: 200px;object-fit: contain;">
                                <div style="text-align: right;font-size: 1.25rem;font-weight: bold;color: red;">
                                    <span style="text-decoration: line-through;display:inline-block;margin-right:0.5rem;">15,99 €</span>
                                    <span>10,99 €</span>
                                </div>
                           </div> 
                           <h3 style="word-break: break-all;">JIM BEAM Whiskey oder Whiskey-Likör</h3>
                           
                           <h5 style=" margin: 0; color: darkgray;font-size: 0.85rem;">Gesonderter Rabatt (z.B. mit Kundenkarte o.ä.): 9,99 € (-37%)</h5>    
                           Rabatt in Prozent: -31%
                           
                           
                           <!--
                           <p style=" margin: 0; color: darkgray;font-size: 0.85rem;">je 0,7-l-Fl.</p>
                           <p style=" margin: 0; color: darkgray;font-size: 0.85rem;">(1 l = 15.70) / (1 l = 14.28)**</p>
                                   -->             
                        </div>             
                    </td>
                
                    <td>
                       <div style="width: 250px;height:400px;padding: 0.25rem;background-color: #d5d5d5;">
                           <div style="background-color: white;height: 244px;position: relative;margin: auto;padding: .25rem;">
                                <img src="https://kaufland.media.schwarz/is/image/schwarz/02100141a?JGstbGVnYWN5LW9uc2l0ZS0yJA==" alt="" draggable="false" style="text-align: center;vertical-align: center;width: 220px;height: 200px;object-fit: contain;">
                                <div style="text-align: right;font-size: 1.25rem;font-weight: bold;color: red;">
                                    <span style="text-decoration: line-through;display:inline-block;margin-right:0.5rem;">32,99 €</span>
                                    <span>25,99 €</span>
                                </div>
                           </div> 
                           <h3 style="word-break: break-all;">BOWMORE Single Malt Scotch Whisky</h3>
                           
                               
                           Rabatt in Prozent: -21%
                           
                           
                           <!--
                           <p style=" margin: 0; color: darkgray;font-size: 0.85rem;">0,7-l-Fl.</p>
                           <p style=" margin: 0; color: darkgray;font-size: 0.85rem;">(1 l = 37.13)</p>
                                   -->             
                        </div>             
                    </td>
                
                    <td>
                       <div style="width: 250px;height:400px;padding: 0.25rem;background-color: #d5d5d5;">
                           <div style="background-color: white;height: 244px;position: relative;margin: auto;padding: .25rem;">
                                <img src="https://kaufland.media.schwarz/is/image/schwarz/02210409a?JGstbGVnYWN5LW9uc2l0ZS0yJA==" alt="" draggable="false" style="text-align: center;vertical-align: center;width: 220px;height: 200px;object-fit: contain;">
                                <div style="text-align: right;font-size: 1.25rem;font-weight: bold;color: red;">
                                    
                                    <span>5,55 €</span>
                                </div>
                           </div> 
                           <h3 style="word-break: break-all;">GORBATSCHOW Wodka</h3>
                           
                               
                           
                           
                           
                           <!--
                           <p style=" margin: 0; color: darkgray;font-size: 0.85rem;">0,7-l-Fl.</p>
                           <p style=" margin: 0; color: darkgray;font-size: 0.85rem;">(1 l = 7.93)</p>
                                   -->             
                        </div>             
                    </td>
                </tr><tr>
                    <td>
                       <div style="width: 250px;height:400px;padding: 0.25rem;background-color: #d5d5d5;">
                           <div style="background-color: white;height: 244px;position: relative;margin: auto;padding: .25rem;">
                                <img src="https://kaufland.media.schwarz/is/image/schwarz/01710122?JGstbGVnYWN5LW9uc2l0ZS0yJA==" alt="" draggable="false" style="text-align: center;vertical-align: center;width: 220px;height: 200px;object-fit: contain;">
                                <div style="text-align: right;font-size: 1.25rem;font-weight: bold;color: red;">
                                    <span style="text-decoration: line-through;display:inline-block;margin-right:0.5rem;">4,99 €</span>
                                    <span>3,49 €</span>
                                </div>
                           </div> 
                           <h3 style="word-break: break-all;">WZG MÖGLINGEN Süß & Fruchtig</h3>
                           
                               
                           Rabatt in Prozent: -30%
                           
                           
                           <!--
                           <p style=" margin: 0; color: darkgray;font-size: 0.85rem;">je 0,75-l-Fl.</p>
                           <p style=" margin: 0; color: darkgray;font-size: 0.85rem;">(1 l = 4.66)</p>
                                   -->             
                        </div>             
                    </td>
                
                    <td>
                       <div style="width: 250px;height:400px;padding: 0.25rem;background-color: #d5d5d5;">
                           <div style="background-color: white;height: 244px;position: relative;margin: auto;padding: .25rem;">
                                <img src="https://kaufland.media.schwarz/is/image/schwarz/01717438?JGstbGVnYWN5LW9uc2l0ZS0yJA==" alt="" draggable="false" style="text-align: center;vertical-align: center;width: 220px;height: 200px;object-fit: contain;">
                                <div style="text-align: right;font-size: 1.25rem;font-weight: bold;color: red;">
                                    
                                    <span>4,99 €</span>
                                </div>
                           </div> 
                           <h3 style="word-break: break-all;">NEDERBURG Cabernet Sauvignon</h3>
                           
                               
                           
                           
                           
                           <!--
                           <p style=" margin: 0; color: darkgray;font-size: 0.85rem;">je 0,75-l-Fl.</p>
                           <p style=" margin: 0; color: darkgray;font-size: 0.85rem;">(1 l = 6.66)</p>
                                   -->             
                        </div>             
                    </td>
                
                    <td>
                       <div style="width: 250px;height:400px;padding: 0.25rem;background-color: #d5d5d5;">
                           <div style="background-color: white;height: 244px;position: relative;margin: auto;padding: .25rem;">
                                <img src="https://kaufland.media.schwarz/is/image/schwarz/01501807?JGstbGVnYWN5LW9uc2l0ZS0yJA==" alt="" draggable="false" style="text-align: center;vertical-align: center;width: 220px;height: 200px;object-fit: contain;">
                                <div style="text-align: right;font-size: 1.25rem;font-weight: bold;color: red;">
                                    <span style="text-decoration: line-through;display:inline-block;margin-right:0.5rem;">7,49 €</span>
                                    <span>5,99 €</span>
                                </div>
                           </div> 
                           <h3 style="word-break: break-all;">CONTESSA MARINA Primitivo »14« DOC</h3>
                           
                               
                           Rabatt in Prozent: -20%
                           
                           
                           <!--
                           <p style=" margin: 0; color: darkgray;font-size: 0.85rem;">0,75-l-Fl.</p>
                           <p style=" margin: 0; color: darkgray;font-size: 0.85rem;">(1 l = 7.99)</p>
                                   -->             
                        </div>             
                    </td>
                
                    <td>
                       <div style="width: 250px;height:400px;padding: 0.25rem;background-color: #d5d5d5;">
                           <div style="background-color: white;height: 244px;position: relative;margin: auto;padding: .25rem;">
                                <img src="https://kaufland.media.schwarz/is/image/schwarz/01751593?JGstbGVnYWN5LW9uc2l0ZS0yJA==" alt="" draggable="false" style="text-align: center;vertical-align: center;width: 220px;height: 200px;object-fit: contain;">
                                <div style="text-align: right;font-size: 1.25rem;font-weight: bold;color: red;">
                                    <span style="text-decoration: line-through;display:inline-block;margin-right:0.5rem;">9,49 €</span>
                                    <span>6,66 €</span>
                                </div>
                           </div> 
                           <h3 style="word-break: break-all;">ANTINORI Santa Cristina Rosso Toscana IGT oder Bianco Umbria IGT</h3>
                           
                               
                           Rabatt in Prozent: -29%
                           
                           
                           <!--
                           <p style=" margin: 0; color: darkgray;font-size: 0.85rem;">je 0,75-l-Fl.</p>
                           <p style=" margin: 0; color: darkgray;font-size: 0.85rem;">(1 l = 8.88)</p>
                                   -->             
                        </div>             
                    </td>
                </tr><tr>
                    <td>
                       <div style="width: 250px;height:400px;padding: 0.25rem;background-color: #d5d5d5;">
                           <div style="background-color: white;height: 244px;position: relative;margin: auto;padding: .25rem;">
                                <img src="https://kaufland.media.schwarz/is/image/schwarz/01707025?JGstbGVnYWN5LW9uc2l0ZS0yJA==" alt="" draggable="false" style="text-align: center;vertical-align: center;width: 220px;height: 200px;object-fit: contain;">
                                <div style="text-align: right;font-size: 1.25rem;font-weight: bold;color: red;">
                                    
                                    <span>4,99 €</span>
                                </div>
                           </div> 
                           <h3 style="word-break: break-all;">ZONIN Montepulciano d'Abruzzo oder Pinot Grigio DOC</h3>
                           
                               
                           
                           
                           
                           <!--
                           <p style=" margin: 0; color: darkgray;font-size: 0.85rem;">je 0,75-l-Fl.</p>
                           <p style=" margin: 0; color: darkgray;font-size: 0.85rem;">(1 l = 6.66)</p>
                                   -->             
                        </div>             
                    </td>
                
                    <td>
                       <div style="width: 250px;height:400px;padding: 0.25rem;background-color: #d5d5d5;">
                           <div style="background-color: white;height: 244px;position: relative;margin: auto;padding: .25rem;">
                                <img src="https://kaufland.media.schwarz/is/image/schwarz/01723212?JGstbGVnYWN5LW9uc2l0ZS0yJA==" alt="" draggable="false" style="text-align: center;vertical-align: center;width: 220px;height: 200px;object-fit: contain;">
                                <div style="text-align: right;font-size: 1.25rem;font-weight: bold;color: red;">
                                    <span style="text-decoration: line-through;display:inline-block;margin-right:0.5rem;">9,99 €</span>
                                    <span>7,99 €</span>
                                </div>
                           </div> 
                           <h3 style="word-break: break-all;">CECCHI Chianti Classico DOCG</h3>
                           
                               
                           Rabatt in Prozent: -20%
                           
                           
                           <!--
                           <p style=" margin: 0; color: darkgray;font-size: 0.85rem;">0,75-l-Fl.</p>
                           <p style=" margin: 0; color: darkgray;font-size: 0.85rem;">(1 l = 10.66)</p>
                                   -->             
                        </div>             
                    </td>
                
                    <td>
                       <div style="width: 250px;height:400px;padding: 0.25rem;background-color: #d5d5d5;">
                           <div style="background-color: white;height: 244px;position: relative;margin: auto;padding: .25rem;">
                                <img src="https://kaufland.media.schwarz/is/image/schwarz/01718162?JGstbGVnYWN5LW9uc2l0ZS0yJA==" alt="" draggable="false" style="text-align: center;vertical-align: center;width: 220px;height: 200px;object-fit: contain;">
                                <div style="text-align: right;font-size: 1.25rem;font-weight: bold;color: red;">
                                    <span style="text-decoration: line-through;display:inline-block;margin-right:0.5rem;">5,99 €</span>
                                    <span>4,99 €</span>
                                </div>
                           </div> 
                           <h3 style="word-break: break-all;">ROLF WILLY Nordheimer Heuchelberg Lemberger</h3>
                           
                               
                           Rabatt in Prozent: -16%
                           
                           
                           <!--
                           <p style=" margin: 0; color: darkgray;font-size: 0.85rem;">0,75-l-Fl.</p>
                           <p style=" margin: 0; color: darkgray;font-size: 0.85rem;">(1 l = 6.66)</p>
                                   -->             
                        </div>             
                    </td>
                
                    <td>
                       <div style="width: 250px;height:400px;padding: 0.25rem;background-color: #d5d5d5;">
                           <div style="background-color: white;height: 244px;position: relative;margin: auto;padding: .25rem;">
                                <img src="https://kaufland.media.schwarz/is/image/schwarz/01823350?JGstbGVnYWN5LW9uc2l0ZS0zJA==" alt="" draggable="false" style="text-align: center;vertical-align: center;width: 220px;height: 200px;object-fit: contain;">
                                <div style="text-align: right;font-size: 1.25rem;font-weight: bold;color: red;">
                                    
                                    <span>3,79 €</span>
                                </div>
                           </div> 
                           <h3 style="word-break: break-all;">GENOSSENSCHAFTSKELLEREI HN Staufenberg Riesling</h3>
                           
                               
                           
                           
                           
                           <!--
                           <p style=" margin: 0; color: darkgray;font-size: 0.85rem;">1-l-Fl.</p>
                           
                                   -->             
                        </div>             
                    </td>
                </tr><tr>
                    <td>
                       <div style="width: 250px;height:400px;padding: 0.25rem;background-color: #d5d5d5;">
                           <div style="background-color: white;height: 244px;position: relative;margin: auto;padding: .25rem;">
                                <img src="https://kaufland.media.schwarz/is/image/schwarz/01804756?JGstbGVnYWN5LW9uc2l0ZS0yJA==" alt="" draggable="false" style="text-align: center;vertical-align: center;width: 220px;height: 200px;object-fit: contain;">
                                <div style="text-align: right;font-size: 1.25rem;font-weight: bold;color: red;">
                                    <span style="text-decoration: line-through;display:inline-block;margin-right:0.5rem;">5,49 €</span>
                                    <span>4,44 €</span>
                                </div>
                           </div> 
                           <h3 style="word-break: break-all;">GENOSSENSCHAFTSKELLEREI HN Heilbronner Grauburgunder</h3>
                           
                               
                           Rabatt in Prozent: -19%
                           
                           
                           <!--
                           <p style=" margin: 0; color: darkgray;font-size: 0.85rem;">0,75-l-Fl.</p>
                           <p style=" margin: 0; color: darkgray;font-size: 0.85rem;">(1 l = 5.92)</p>
                                   -->             
                        </div>             
                    </td>
                
                    <td>
                       <div style="width: 250px;height:400px;padding: 0.25rem;background-color: #d5d5d5;">
                           <div style="background-color: white;height: 244px;position: relative;margin: auto;padding: .25rem;">
                                <img src="https://kaufland.media.schwarz/is/image/schwarz/01763283?JGstbGVnYWN5LW9uc2l0ZS0zJA==" alt="" draggable="false" style="text-align: center;vertical-align: center;width: 220px;height: 200px;object-fit: contain;">
                                <div style="text-align: right;font-size: 1.25rem;font-weight: bold;color: red;">
                                    <span style="text-decoration: line-through;display:inline-block;margin-right:0.5rem;">5,49 €</span>
                                    <span>3,79 €</span>
                                </div>
                           </div> 
                           <h3 style="word-break: break-all;">GENOSSENSCHAFTSKELLEREI HN Staufenberg Schwarzriesling- o. Spätburgunder-Weißherbst</h3>
                           
                               
                           Rabatt in Prozent: -30%
                           
                           
                           <!--
                           <p style=" margin: 0; color: darkgray;font-size: 0.85rem;">je 1-l-Fl.</p>
                           
                                   -->             
                        </div>             
                    </td>
                
                    <td>
                       <div style="width: 250px;height:400px;padding: 0.25rem;background-color: #d5d5d5;">
                           <div style="background-color: white;height: 244px;position: relative;margin: auto;padding: .25rem;">
                                <img src="https://kaufland.media.schwarz/is/image/schwarz/01079391?JGstbGVnYWN5LW9uc2l0ZS0yJA==" alt="" draggable="false" style="text-align: center;vertical-align: center;width: 220px;height: 200px;object-fit: contain;">
                                <div style="text-align: right;font-size: 1.25rem;font-weight: bold;color: red;">
                                    <span style="text-decoration: line-through;display:inline-block;margin-right:0.5rem;">49,99 €</span>
                                    <span>34,99 €</span>
                                </div>
                           </div> 
                           <h3 style="word-break: break-all;">MOËT & CHANDON Champagner Brut Impérial</h3>
                           
                               
                           Rabatt in Prozent: -30%
                           
                           
                           <!--
                           <p style=" margin: 0; color: darkgray;font-size: 0.85rem;">0,75-l-Fl.</p>
                           <p style=" margin: 0; color: darkgray;font-size: 0.85rem;">(1 l = 46.66)</p>
                                   -->             
                        </div>             
                    </td>
                
                    <td>
                       <div style="width: 250px;height:400px;padding: 0.25rem;background-color: #d5d5d5;">
                           <div style="background-color: white;height: 244px;position: relative;margin: auto;padding: .25rem;">
                                <img src="https://kaufland.media.schwarz/is/image/schwarz/00974565?JGstbGVnYWN5LW9uc2l0ZS0zJA==" alt="" draggable="false" style="text-align: center;vertical-align: center;width: 220px;height: 200px;object-fit: contain;">
                                <div style="text-align: right;font-size: 1.25rem;font-weight: bold;color: red;">
                                    
                                    <span>2,49 €</span>
                                </div>
                           </div> 
                           <h3 style="word-break: break-all;">ROTKÄPPCHEN Fruchtsecco</h3>
                           
                               
                           
                           
                           
                           <!--
                           <p style=" margin: 0; color: darkgray;font-size: 0.85rem;">je 0,75-l-Fl.</p>
                           <p style=" margin: 0; color: darkgray;font-size: 0.85rem;">(1 l = 3.32) / (1 l = 3.06)**</p>
                                   -->             
                        </div>             
                    </td>
                </tr><tr>
                    <td>
                       <div style="width: 250px;height:400px;padding: 0.25rem;background-color: #d5d5d5;">
                           <div style="background-color: white;height: 244px;position: relative;margin: auto;padding: .25rem;">
                                <img src="https://kaufland.media.schwarz/is/image/schwarz/01111030?JGstbGVnYWN5LW9uc2l0ZS0zJA==" alt="" draggable="false" style="text-align: center;vertical-align: center;width: 220px;height: 200px;object-fit: contain;">
                                <div style="text-align: right;font-size: 1.25rem;font-weight: bold;color: red;">
                                    
                                    <span>5,99 €</span>
                                </div>
                           </div> 
                           <h3 style="word-break: break-all;">MARTINI Bianco, Rosso oder Fiero</h3>
                           
                               
                           
                           
                           
                           <!--
                           <p style=" margin: 0; color: darkgray;font-size: 0.85rem;">je 0,75-l-Fl.</p>
                           <p style=" margin: 0; color: darkgray;font-size: 0.85rem;">(1 l = 7.99)</p>
                                   -->             
                        </div>             
                    </td>
                
                    <td>
                       <div style="width: 250px;height:400px;padding: 0.25rem;background-color: #d5d5d5;">
                           <div style="background-color: white;height: 244px;position: relative;margin: auto;padding: .25rem;">
                                <img src="https://kaufland.media.schwarz/is/image/schwarz/01458072?JGstbGVnYWN5LW9uc2l0ZS00JA==" alt="" draggable="false" style="text-align: center;vertical-align: center;width: 220px;height: 200px;object-fit: contain;">
                                <div style="text-align: right;font-size: 1.25rem;font-weight: bold;color: red;">
                                    
                                    <span>4,29 €</span>
                                </div>
                           </div> 
                           <h3 style="word-break: break-all;">GREVENSTEINER Original</h3>
                           
                               
                           
                           
                           
                           <!--
                           <p style=" margin: 0; color: darkgray;font-size: 0.85rem;">Packg. 6 x 0,33-l-Fl.</p>
                           <p style=" margin: 0; color: darkgray;font-size: 0.85rem;">(1 l = 2.17)</p>
                                   -->             
                        </div>             
                    </td>
                
                    <td>
                       <div style="width: 250px;height:400px;padding: 0.25rem;background-color: #d5d5d5;">
                           <div style="background-color: white;height: 244px;position: relative;margin: auto;padding: .25rem;">
                                <img src="https://kaufland.media.schwarz/is/image/schwarz/01471998?JGstbGVnYWN5LW9uc2l0ZS00JA==" alt="" draggable="false" style="text-align: center;vertical-align: center;width: 220px;height: 200px;object-fit: contain;">
                                <div style="text-align: right;font-size: 1.25rem;font-weight: bold;color: red;">
                                    <span style="text-decoration: line-through;display:inline-block;margin-right:0.5rem;">21,99 €</span>
                                    <span>15,99 €</span>
                                </div>
                           </div> 
                           <h3 style="word-break: break-all;">AUGUSTINERBRÄU Edelstoff</h3>
                           
                               
                           Rabatt in Prozent: -27%
                           
                           
                           <!--
                           <p style=" margin: 0; color: darkgray;font-size: 0.85rem;">Ka. 20 x 0,5-l-Fl.</p>
                           <p style=" margin: 0; color: darkgray;font-size: 0.85rem;">(1 l = 1.60)</p>
                                   -->             
                        </div>             
                    </td>
                
                    <td>
                       <div style="width: 250px;height:400px;padding: 0.25rem;background-color: #d5d5d5;">
                           <div style="background-color: white;height: 244px;position: relative;margin: auto;padding: .25rem;">
                                <img src="https://kaufland.media.schwarz/is/image/schwarz/01460780?JGstbGVnYWN5LW9uc2l0ZS00JA==" alt="" draggable="false" style="text-align: center;vertical-align: center;width: 220px;height: 200px;object-fit: contain;">
                                <div style="text-align: right;font-size: 1.25rem;font-weight: bold;color: red;">
                                    
                                    <span>13,99 €</span>
                                </div>
                           </div> 
                           <h3 style="word-break: break-all;">PAULANER Hefe-Weißbier</h3>
                           
                               
                           
                           
                           
                           <!--
                           <p style=" margin: 0; color: darkgray;font-size: 0.85rem;">Ka. 20 x 0,5-l-Fl.</p>
                           <p style=" margin: 0; color: darkgray;font-size: 0.85rem;">(1 l = 1.40)</p>
                                   -->             
                        </div>             
                    </td>
                </tr><tr>
                    <td>
                       <div style="width: 250px;height:400px;padding: 0.25rem;background-color: #d5d5d5;">
                           <div style="background-color: white;height: 244px;position: relative;margin: auto;padding: .25rem;">
                                <img src="https://kaufland.media.schwarz/is/image/schwarz/02309694?JGstbGVnYWN5LW9uc2l0ZS00JA==" alt="" draggable="false" style="text-align: center;vertical-align: center;width: 220px;height: 200px;object-fit: contain;">
                                <div style="text-align: right;font-size: 1.25rem;font-weight: bold;color: red;">
                                    <span style="text-decoration: line-through;display:inline-block;margin-right:0.5rem;">17,49 €</span>
                                    <span>12,99 €</span>
                                </div>
                           </div> 
                           <h3 style="word-break: break-all;">WULLE BIERE Vollbier Hell</h3>
                           
                               
                           Rabatt in Prozent: -25%
                           
                           
                           <!--
                           <p style=" margin: 0; color: darkgray;font-size: 0.85rem;">Ka. 20 x 0,33-l-Fl.</p>
                           <p style=" margin: 0; color: darkgray;font-size: 0.85rem;">(1 l = 1.97)</p>
                                   -->             
                        </div>             
                    </td>
                
                    <td>
                       <div style="width: 250px;height:400px;padding: 0.25rem;background-color: #d5d5d5;">
                           <div style="background-color: white;height: 244px;position: relative;margin: auto;padding: .25rem;">
                                <img src="https://kaufland.media.schwarz/is/image/schwarz/01441816?JGstbGVnYWN5LW9uc2l0ZS00JA==" alt="" draggable="false" style="text-align: center;vertical-align: center;width: 220px;height: 200px;object-fit: contain;">
                                <div style="text-align: right;font-size: 1.25rem;font-weight: bold;color: red;">
                                    
                                    <span>13,99 €</span>
                                </div>
                           </div> 
                           <h3 style="word-break: break-all;">BUDWEISER Budvar</h3>
                           
                               
                           
                           
                           
                           <!--
                           <p style=" margin: 0; color: darkgray;font-size: 0.85rem;">Ka. 20 x 0,5-l-Fl.</p>
                           <p style=" margin: 0; color: darkgray;font-size: 0.85rem;">(1 l = 1.40)</p>
                                   -->             
                        </div>             
                    </td>
                
                    <td>
                       <div style="width: 250px;height:400px;padding: 0.25rem;background-color: #d5d5d5;">
                           <div style="background-color: white;height: 244px;position: relative;margin: auto;padding: .25rem;">
                                <img src="https://kaufland.media.schwarz/is/image/schwarz/01458099?JGstbGVnYWN5LW9uc2l0ZS00JA==" alt="" draggable="false" style="text-align: center;vertical-align: center;width: 220px;height: 200px;object-fit: contain;">
                                <div style="text-align: right;font-size: 1.25rem;font-weight: bold;color: red;">
                                    
                                    <span>10,77 €</span>
                                </div>
                           </div> 
                           <h3 style="word-break: break-all;">VELTINS Pilsener</h3>
                           
                               
                           
                           
                           
                           <!--
                           <p style=" margin: 0; color: darkgray;font-size: 0.85rem;">Ka. 20 x 0,5-l-Fl.</p>
                           <p style=" margin: 0; color: darkgray;font-size: 0.85rem;">(1 l = 1.08)</p>
                                   -->             
                        </div>             
                    </td>
                
                    <td>
                       <div style="width: 250px;height:400px;padding: 0.25rem;background-color: #d5d5d5;">
                           <div style="background-color: white;height: 244px;position: relative;margin: auto;padding: .25rem;">
                                <img src="https://kaufland.media.schwarz/is/image/schwarz/02370906?JGstbGVnYWN5LW9uc2l0ZS00JA==" alt="" draggable="false" style="text-align: center;vertical-align: center;width: 220px;height: 200px;object-fit: contain;">
                                <div style="text-align: right;font-size: 1.25rem;font-weight: bold;color: red;">
                                    <span style="text-decoration: line-through;display:inline-block;margin-right:0.5rem;">15,99 €</span>
                                    <span>11,99 €</span>
                                </div>
                           </div> 
                           <h3 style="word-break: break-all;">STUTTGARTER HOFBRÄU Pilsner</h3>
                           
                               
                           Rabatt in Prozent: -25%
                           
                           
                           <!--
                           <p style=" margin: 0; color: darkgray;font-size: 0.85rem;">Ka. 20 x 0,5-l-Fl.</p>
                           <p style=" margin: 0; color: darkgray;font-size: 0.85rem;">(1 l = 1.20)</p>
                                   -->             
                        </div>             
                    </td>
                </tr><tr>
                    <td>
                       <div style="width: 250px;height:400px;padding: 0.25rem;background-color: #d5d5d5;">
                           <div style="background-color: white;height: 244px;position: relative;margin: auto;padding: .25rem;">
                                <img src="https://kaufland.media.schwarz/is/image/schwarz/01536166?JGstbGVnYWN5LW9uc2l0ZS00JA==" alt="" draggable="false" style="text-align: center;vertical-align: center;width: 220px;height: 200px;object-fit: contain;">
                                <div style="text-align: right;font-size: 1.25rem;font-weight: bold;color: red;">
                                    
                                    <span>14,99 €</span>
                                </div>
                           </div> 
                           <h3 style="word-break: break-all;">CORONA Extra</h3>
                           
                               
                           
                           
                           
                           <!--
                           <p style=" margin: 0; color: darkgray;font-size: 0.85rem;">Ka. 20 x 0,355-l-Fl.</p>
                           <p style=" margin: 0; color: darkgray;font-size: 0.85rem;">(1 l = 2.12)</p>
                                   -->             
                        </div>             
                    </td>
                
                    <td>
                       <div style="width: 250px;height:400px;padding: 0.25rem;background-color: #d5d5d5;">
                           <div style="background-color: white;height: 244px;position: relative;margin: auto;padding: .25rem;">
                                <img src="https://kaufland.media.schwarz/is/image/schwarz/01453428?JGstbGVnYWN5LW9uc2l0ZS00JA==" alt="" draggable="false" style="text-align: center;vertical-align: center;width: 220px;height: 200px;object-fit: contain;">
                                <div style="text-align: right;font-size: 1.25rem;font-weight: bold;color: red;">
                                    
                                    <span>7,99 €</span>
                                </div>
                           </div> 
                           <h3 style="word-break: break-all;">HASSERÖDER Premium Pils</h3>
                           
                               
                           
                           
                           
                           <!--
                           <p style=" margin: 0; color: darkgray;font-size: 0.85rem;">Ka. 20 x 0,5-l-Fl.</p>
                           <p style=" margin: 0; color: darkgray;font-size: 0.85rem;">(1 l = 0.80)</p>
                                   -->             
                        </div>             
                    </td>
                
                    <td>
                       <div style="width: 250px;height:400px;padding: 0.25rem;background-color: #d5d5d5;">
                           <div style="background-color: white;height: 244px;position: relative;margin: auto;padding: .25rem;">
                                <img src="https://kaufland.media.schwarz/is/image/schwarz/01453446?JGstbGVnYWN5LW9uc2l0ZS00JA==" alt="" draggable="false" style="text-align: center;vertical-align: center;width: 220px;height: 200px;object-fit: contain;">
                                <div style="text-align: right;font-size: 1.25rem;font-weight: bold;color: red;">
                                    
                                    <span>11,99 €</span>
                                </div>
                           </div> 
                           <h3 style="word-break: break-all;">MÖNCHSHOF Kellerbier, Naturradler oder Original</h3>
                           
                               
                           
                           
                           
                           <!--
                           <p style=" margin: 0; color: darkgray;font-size: 0.85rem;">je Ka. 20 x 0,5-l-Fl.</p>
                           <p style=" margin: 0; color: darkgray;font-size: 0.85rem;">(1 l = 1.20) / (1 l = 1.05)**</p>
                                   -->             
                        </div>             
                    </td>
                
                    <td>
                       <div style="width: 250px;height:400px;padding: 0.25rem;background-color: #d5d5d5;">
                           <div style="background-color: white;height: 244px;position: relative;margin: auto;padding: .25rem;">
                                <img src="https://kaufland.media.schwarz/is/image/schwarz/00987983?JGstbGVnYWN5LW9uc2l0ZS00JA==" alt="" draggable="false" style="text-align: center;vertical-align: center;width: 220px;height: 200px;object-fit: contain;">
                                <div style="text-align: right;font-size: 1.25rem;font-weight: bold;color: red;">
                                    <span style="text-decoration: line-through;display:inline-block;margin-right:0.5rem;">6,29 €</span>
                                    <span>4,99 €</span>
                                </div>
                           </div> 
                           <h3 style="word-break: break-all;">SOMERSBY Cider</h3>
                           
                               
                           Rabatt in Prozent: -20%
                           
                           
                           <!--
                           <p style=" margin: 0; color: darkgray;font-size: 0.85rem;">je Packg. 4 x 0,33-l-Fl.</p>
                           <p style=" margin: 0; color: darkgray;font-size: 0.85rem;">(1 l = 3.78)</p>
                                   -->             
                        </div>             
                    </td>
                </tr><tr>
                    <td>
                       <div style="width: 250px;height:400px;padding: 0.25rem;background-color: #d5d5d5;">
                           <div style="background-color: white;height: 244px;position: relative;margin: auto;padding: .25rem;">
                                <img src="https://kaufland.media.schwarz/is/image/schwarz/02009528?JGstbGVnYWN5LW9uc2l0ZS0zJA==" alt="" draggable="false" style="text-align: center;vertical-align: center;width: 220px;height: 200px;object-fit: contain;">
                                <div style="text-align: right;font-size: 1.25rem;font-weight: bold;color: red;">
                                    
                                    <span>0,85 €</span>
                                </div>
                           </div> 
                           <h3 style="word-break: break-all;">RED BULL Energy Drink</h3>
                           
                               
                           
                           
                           
                           <!--
                           <p style=" margin: 0; color: darkgray;font-size: 0.85rem;">je 0,25-l-Dose</p>
                           <p style=" margin: 0; color: darkgray;font-size: 0.85rem;">(1 l = 3.40) / (1 l = 3.16)**</p>
                                   -->             
                        </div>             
                    </td>
                
                    <td>
                       <div style="width: 250px;height:400px;padding: 0.25rem;background-color: #d5d5d5;">
                           <div style="background-color: white;height: 244px;position: relative;margin: auto;padding: .25rem;">
                                <img src="https://kaufland.media.schwarz/is/image/schwarz/02053213?JGstbGVnYWN5LW9uc2l0ZS0zJA==" alt="" draggable="false" style="text-align: center;vertical-align: center;width: 220px;height: 200px;object-fit: contain;">
                                <div style="text-align: right;font-size: 1.25rem;font-weight: bold;color: red;">
                                    
                                    <span>0,99 €</span>
                                </div>
                           </div> 
                           <h3 style="word-break: break-all;">POWERADE Erfrischungsgetränk, isotonisch</h3>
                           
                               
                           
                           
                           
                           <!--
                           <p style=" margin: 0; color: darkgray;font-size: 0.85rem;">je 0,5-l-PET-Fl.</p>
                           <p style=" margin: 0; color: darkgray;font-size: 0.85rem;">(1 l = 1.98)</p>
                                   -->             
                        </div>             
                    </td>
                </tr></tbody></table><table style="margin:2rem auto; border: none;border-spacing: 0.25rem;"><tbody>
            <tr>
                <td colspan="4">
                    <h2 style="margin: 0 0 0.5rem 0;">LIDL (bundesweit)</h2>
                </td>
            </tr>
        <tr>
                    <td>
                       <div style="width: 250px;height:400px;padding: 0.25rem;background-color: #d5d5d5;">
                           <div style="background-color: white;height: 244px;position: relative;margin: auto;padding: .25rem;">
                                <img src="https://imgproxy-retcat.assets.schwarz/s2-47sT7FxLjcP-tz_L76qpKCf--Wq7aTwjuFUAilVM/sm:1/w:427/h:320/cz/M6Ly9wcm9kLWNhd/GFsb2ctbWVkaWEvZGUvMS9DMERCODhCODdFOTI2N0U1QjM5MTlCOTI/1MzRGMzQyOThGRkU3ODQyNUMwN0Q5NzExODZBNkVFRUYwQjUxOTA2LmpwZw.jpg" alt="" draggable="false" style="text-align: center;vertical-align: center;width: 220px;height: 200px;object-fit: contain;">
                                <div style="text-align: right;font-size: 1.25rem;font-weight: bold;color: red;">
                                    <span style="text-decoration: line-through;display:inline-block;margin-right:0.5rem;">1,49 €</span>
                                    <span>0,69 €</span>
                                </div>
                           </div> 
                           <h3 style="word-break: break-all;">Coca-Cola/Fanta/Mezzo Mix/Sprite</h3>
                           
                               
                           Rabatt in Prozent: 53
                           
                           
                           <!--
                           <p style=" margin: 0; color: darkgray;font-size: 0.85rem;">Je 1,25 l zzgl. -.25 Pfand</p>
                           <p style=" margin: 0; color: darkgray;font-size: 0.85rem;">1 l = -.55</p>
                                   -->             
                        </div>             
                    </td>
                
                    <td>
                       <div style="width: 250px;height:400px;padding: 0.25rem;background-color: #d5d5d5;">
                           <div style="background-color: white;height: 244px;position: relative;margin: auto;padding: .25rem;">
                                <img src="https://imgproxy-retcat.assets.schwarz/_K7-d83IMVQltUQvQ7cJL589hTIcUBzh3e4ljC-tAtE/sm:1/w:427/h:320/cz/M6Ly9wcm9kLWNhd/GFsb2ctbWVkaWEvZGUvMS8xMkY4QTEwOTIwODk0NTYxRkRDMjZFNjI/4OUMyQzIwRjQzNTQ0NEM4OTE3NzMwMUZDMDRERUI5NUJGQUU3RkEwLmpwZw.jpg" alt="" draggable="false" style="text-align: center;vertical-align: center;width: 220px;height: 200px;object-fit: contain;">
                                <div style="text-align: right;font-size: 1.25rem;font-weight: bold;color: red;">
                                    <span style="text-decoration: line-through;display:inline-block;margin-right:0.5rem;">14,99 €</span>
                                    <span>11,99 €</span>
                                </div>
                           </div> 
                           <h3 style="word-break: break-all;">Absolut Vodka</h3>
                           
                               
                           Rabatt in Prozent: 20
                           
                           
                           <!--
                           <p style=" margin: 0; color: darkgray;font-size: 0.85rem;">Je 0,7 l</p>
                           <p style=" margin: 0; color: darkgray;font-size: 0.85rem;">1 l = 17.13</p>
                                   -->             
                        </div>             
                    </td>
                
                    <td>
                       <div style="width: 250px;height:400px;padding: 0.25rem;background-color: #d5d5d5;">
                           <div style="background-color: white;height: 244px;position: relative;margin: auto;padding: .25rem;">
                                <img src="https://imgproxy-retcat.assets.schwarz/k1_vRj97DqFlkwP60Ga9q-nrB9m_wx3uikwhkcFvFYs/sm:1/w:427/h:320/cz/M6Ly9wcm9kLWNhd/GFsb2ctbWVkaWEvZGUvMS80MjRCODY5NjhCNjI4Q0M5QzlDNEY3NDM/zQ0UzQzgzMEJBMDQ0QjM1RTNCMUJDQjQyRDI4RjlBMzIwMjYxNDgzLmpwZw.jpg" alt="" draggable="false" style="text-align: center;vertical-align: center;width: 220px;height: 200px;object-fit: contain;">
                                <div style="text-align: right;font-size: 1.25rem;font-weight: bold;color: red;">
                                    <span style="text-decoration: line-through;display:inline-block;margin-right:0.5rem;">14,99 €</span>
                                    <span>10,99 €</span>
                                </div>
                           </div> 
                           <h3 style="word-break: break-all;">Absolut Vodka</h3>
                           
                               
                           Rabatt in Prozent: 26
                           
                           
                           <!--
                           <p style=" margin: 0; color: darkgray;font-size: 0.85rem;">Je 0,7 l</p>
                           <p style=" margin: 0; color: darkgray;font-size: 0.85rem;">1 l = 15.70</p>
                                   -->             
                        </div>             
                    </td>
                
                    <td>
                       <div style="width: 250px;height:400px;padding: 0.25rem;background-color: #d5d5d5;">
                           <div style="background-color: white;height: 244px;position: relative;margin: auto;padding: .25rem;">
                                <img src="https://imgproxy-retcat.assets.schwarz/36_VMHvWr2NJeSmo4zSir-WJ7q3_82ah5V2gsGSuQOY/sm:1/w:427/h:320/cz/M6Ly9wcm9kLWNhd/GFsb2ctbWVkaWEvZGUvMS9EN0MyRDNGMkNGODA5QTY5Q0JFRkFCMDA/0NkQxNTU5NTAzODk4RkU5RjQwQzlGODhFMDA2REU2NjkyRTMwNzI4LmpwZw.jpg" alt="" draggable="false" style="text-align: center;vertical-align: center;width: 220px;height: 200px;object-fit: contain;">
                                <div style="text-align: right;font-size: 1.25rem;font-weight: bold;color: red;">
                                    <span style="text-decoration: line-through;display:inline-block;margin-right:0.5rem;">24,99 €</span>
                                    <span>19,99 €</span>
                                </div>
                           </div> 
                           <h3 style="word-break: break-all;">Walker Black Label/Dimple Golden Selection Blended Scotch Whisky</h3>
                           
                               
                           Rabatt in Prozent: 20
                           
                           
                           <!--
                           <p style=" margin: 0; color: darkgray;font-size: 0.85rem;">Je 0,7 l</p>
                           <p style=" margin: 0; color: darkgray;font-size: 0.85rem;">1 l = 28.56</p>
                                   -->             
                        </div>             
                    </td>
                </tr><tr>
                    <td>
                       <div style="width: 250px;height:400px;padding: 0.25rem;background-color: #d5d5d5;">
                           <div style="background-color: white;height: 244px;position: relative;margin: auto;padding: .25rem;">
                                <img src="https://imgproxy-retcat.assets.schwarz/TP7O0nl6NDxGWuKsrmISJidgikb_FE9o7tXL6SKHjCE/sm:1/w:427/h:320/cz/M6Ly9wcm9kLWNhd/GFsb2ctbWVkaWEvZGUvMS9GNzc1RDE4NjA0OTJENzk0NTY4RkJBNjM/1MENGQ0RFMEQwM0E2MDg0RkUxQzMxQTJCREQ5RkNBRjY1MkQ5OTIxLmpwZw.jpg" alt="" draggable="false" style="text-align: center;vertical-align: center;width: 220px;height: 200px;object-fit: contain;">
                                <div style="text-align: right;font-size: 1.25rem;font-weight: bold;color: red;">
                                    <span style="text-decoration: line-through;display:inline-block;margin-right:0.5rem;">39,99 €</span>
                                    <span>29,99 €</span>
                                </div>
                           </div> 
                           <h3 style="word-break: break-all;">Talisker Single Malt Scotch Whisky</h3>
                           
                               
                           Rabatt in Prozent: 25
                           
                           
                           <!--
                           <p style=" margin: 0; color: darkgray;font-size: 0.85rem;">Je 0,7 l</p>
                           <p style=" margin: 0; color: darkgray;font-size: 0.85rem;">1 l = 42.84</p>
                                   -->             
                        </div>             
                    </td>
                
                    <td>
                       <div style="width: 250px;height:400px;padding: 0.25rem;background-color: #d5d5d5;">
                           <div style="background-color: white;height: 244px;position: relative;margin: auto;padding: .25rem;">
                                <img src="https://imgproxy-retcat.assets.schwarz/hk5eislRTWXHmSC5JQJ58AFoDtWNbws2UFCwZj9VdNY/sm:1/w:427/h:320/cz/M6Ly9wcm9kLWNhd/GFsb2ctbWVkaWEvZGUvMS84RDA3QTQ0ODRGM0RCMDg0MzgzNTRDQkI/2QUZDMDY1NEVBN0ExMTJGNjI3MEE3RTdEN0ZFQjgyQTU2NUYzNjhDLmpwZw.jpg" alt="" draggable="false" style="text-align: center;vertical-align: center;width: 220px;height: 200px;object-fit: contain;">
                                <div style="text-align: right;font-size: 1.25rem;font-weight: bold;color: red;">
                                    <span style="text-decoration: line-through;display:inline-block;margin-right:0.5rem;">14,49 €</span>
                                    <span>11,99 €</span>
                                </div>
                           </div> 
                           <h3 style="word-break: break-all;">Jägermeister</h3>
                           
                               
                           Rabatt in Prozent: 17
                           
                           
                           <!--
                           <p style=" margin: 0; color: darkgray;font-size: 0.85rem;">Je 0,7 l</p>
                           <p style=" margin: 0; color: darkgray;font-size: 0.85rem;">1 l = 17.13</p>
                                   -->             
                        </div>             
                    </td>
                
                    <td>
                       <div style="width: 250px;height:400px;padding: 0.25rem;background-color: #d5d5d5;">
                           <div style="background-color: white;height: 244px;position: relative;margin: auto;padding: .25rem;">
                                <img src="https://imgproxy-retcat.assets.schwarz/k1_vRj97DqFlkwP60Ga9q-nrB9m_wx3uikwhkcFvFYs/sm:1/w:427/h:320/cz/M6Ly9wcm9kLWNhd/GFsb2ctbWVkaWEvZGUvMS80MjRCODY5NjhCNjI4Q0M5QzlDNEY3NDM/zQ0UzQzgzMEJBMDQ0QjM1RTNCMUJDQjQyRDI4RjlBMzIwMjYxNDgzLmpwZw.jpg" alt="" draggable="false" style="text-align: center;vertical-align: center;width: 220px;height: 200px;object-fit: contain;">
                                <div style="text-align: right;font-size: 1.25rem;font-weight: bold;color: red;">
                                    <span style="text-decoration: line-through;display:inline-block;margin-right:0.5rem;">14,99 €</span>
                                    <span>10,99 €</span>
                                </div>
                           </div> 
                           <h3 style="word-break: break-all;">Absolut Vodka</h3>
                           
                               
                           Rabatt in Prozent: 26
                           
                           
                           <!--
                           <p style=" margin: 0; color: darkgray;font-size: 0.85rem;">Je 0,7 l</p>
                           <p style=" margin: 0; color: darkgray;font-size: 0.85rem;">1 l = 15.70</p>
                                   -->             
                        </div>             
                    </td>
                </tr></tbody></table><table style="margin:2rem auto; border: none;border-spacing: 0.25rem;"><tbody>
            <tr>
                <td colspan="4">
                    <h2 style="margin: 0 0 0.5rem 0;">FAMILA (Cloppenburg)</h2>
                </td>
            </tr>
        
            <tr>
                <td colspan="4">
                    <p style="margin: 0;">Gültig vom 25.3.2024 bis zum 30.3.2024</p>
                </td>
            </tr><tr>
                    <td>
                       <div style="width: 250px;height:400px;padding: 0.25rem;background-color: #d5d5d5;">
                           <div style="background-color: white;height: 244px;position: relative;margin: auto;padding: .25rem;">
                                <img src="https://content-media.bonial.biz/404e910f-56dd-4ee3-8a9e-78faec80ac1c/36bb5f54-9d27-4709-8db5-b35927e4245d.jpg" alt="" draggable="false" style="text-align: center;vertical-align: center;width: 220px;height: 200px;object-fit: contain;">
                                <div style="text-align: right;font-size: 1.25rem;font-weight: bold;color: red;">
                                    
                                    <span>10,99 €</span>
                                </div>
                           </div> 
                           <h3 style="word-break: break-all;">Veltins Pilsener</h3>
                           
                               
                           
                           
                           <p style=" margin: 0; color: darkgray;font-size: 0.85rem;">versch. Sorten, 24 x 0,33/ 20 x 0,5-l-Kiste, zzgl. 3.42/ 3.10 Pfand</p>
                           <!--
                           
                           <p style=" margin: 0; color: darkgray;font-size: 0.85rem;">(1 l = 1.39/1.10)</p>
                                   -->             
                        </div>             
                    </td>
                
                    <td>
                       <div style="width: 250px;height:400px;padding: 0.25rem;background-color: #d5d5d5;">
                           <div style="background-color: white;height: 244px;position: relative;margin: auto;padding: .25rem;">
                                <img src="https://content-media.bonial.biz/b443039b-ee30-4db7-9c7e-585b05f82923/c5fba234-d5a2-47ad-bd00-8c25c5b8c2ac.jpg" alt="" draggable="false" style="text-align: center;vertical-align: center;width: 220px;height: 200px;object-fit: contain;">
                                <div style="text-align: right;font-size: 1.25rem;font-weight: bold;color: red;">
                                    
                                    <span>10,99 €</span>
                                </div>
                           </div> 
                           <h3 style="word-break: break-all;">Jägermeister</h3>
                           
                               
                           
                           
                           <p style=" margin: 0; color: darkgray;font-size: 0.85rem;">35 % Vol.
0,7-l-Flasche</p>
                           <!--
                           
                           <p style=" margin: 0; color: darkgray;font-size: 0.85rem;">(1 l = 15.70)</p>
                                   -->             
                        </div>             
                    </td>
                
                    <td>
                       <div style="width: 250px;height:400px;padding: 0.25rem;background-color: #d5d5d5;">
                           <div style="background-color: white;height: 244px;position: relative;margin: auto;padding: .25rem;">
                                <img src="https://content-media.bonial.biz/100bb31b-c1f9-44a2-8ae4-7826a131291f/e60bc2e1-b8df-40bc-8488-b78acd8b6137.jpg" alt="" draggable="false" style="text-align: center;vertical-align: center;width: 220px;height: 200px;object-fit: contain;">
                                <div style="text-align: right;font-size: 1.25rem;font-weight: bold;color: red;">
                                    
                                    <span>0,99 €</span>
                                </div>
                           </div> 
                           <h3 style="word-break: break-all;">Red Bull Energy Drink</h3>
                           
                               
                           
                           
                           <p style=" margin: 0; color: darkgray;font-size: 0.85rem;">versch. Sorten, 
0,25-l-Dose, zzgl. 0.25 Pfand 
je Dose</p>
                           <!--
                           
                           <p style=" margin: 0; color: darkgray;font-size: 0.85rem;">(1 l = 3.96)</p>
                                   -->             
                        </div>             
                    </td>
                
                    <td>
                       <div style="width: 250px;height:400px;padding: 0.25rem;background-color: #d5d5d5;">
                           <div style="background-color: white;height: 244px;position: relative;margin: auto;padding: .25rem;">
                                <img src="https://content-media.bonial.biz/119a3b5d-5a3a-40a7-8ec3-592759ad8bc2/29ed6260-af6e-4c95-a88d-77fe5ff5988a.jpg" alt="" draggable="false" style="text-align: center;vertical-align: center;width: 220px;height: 200px;object-fit: contain;">
                                <div style="text-align: right;font-size: 1.25rem;font-weight: bold;color: red;">
                                    
                                    <span>0,99 €</span>
                                </div>
                           </div> 
                           <h3 style="word-break: break-all;">Red Bull Energy Drink</h3>
                           
                               
                           
                           
                           <p style=" margin: 0; color: darkgray;font-size: 0.85rem;">Energy Drink, versch. Sorten, 0,25-l-Dose, zzgl. 0.25 Pfand je Dose</p>
                           <!--
                           
                           <p style=" margin: 0; color: darkgray;font-size: 0.85rem;">1 l = 3.96</p>
                                   -->             
                        </div>             
                    </td>
                </tr><tr>
                    <td>
                       <div style="width: 250px;height:400px;padding: 0.25rem;background-color: #d5d5d5;">
                           <div style="background-color: white;height: 244px;position: relative;margin: auto;padding: .25rem;">
                                <img src="https://content-media.bonial.biz/2355c8b0-d640-4574-95b1-bb9de6e09d8d/ee2b3f31-86a6-4986-9057-bf98b9d08f3d.jpg" alt="" draggable="false" style="text-align: center;vertical-align: center;width: 220px;height: 200px;object-fit: contain;">
                                <div style="text-align: right;font-size: 1.25rem;font-weight: bold;color: red;">
                                    
                                    <span>11,99 €</span>
                                </div>
                           </div> 
                           <h3 style="word-break: break-all;">Beck‘s Bier</h3>
                           
                               
                           
                           
                           <p style=" margin: 0; color: darkgray;font-size: 0.85rem;">versch. Sorten 
24 x 0,33/ 20 x 0,5-l-Kiste zzgl. 3.42/3.10 Pfand</p>
                           <!--
                           
                           <p style=" margin: 0; color: darkgray;font-size: 0.85rem;">(1 l = 1.51/1.20)</p>
                                   -->             
                        </div>             
                    </td>
                
                    <td>
                       <div style="width: 250px;height:400px;padding: 0.25rem;background-color: #d5d5d5;">
                           <div style="background-color: white;height: 244px;position: relative;margin: auto;padding: .25rem;">
                                <img src="https://content-media.bonial.biz/7938ad4c-d8bd-424d-babe-c91ee0acbae0/d3007c05-1072-4af1-ab4d-ccd054fb9ae3.jpg" alt="" draggable="false" style="text-align: center;vertical-align: center;width: 220px;height: 200px;object-fit: contain;">
                                <div style="text-align: right;font-size: 1.25rem;font-weight: bold;color: red;">
                                    
                                    <span>9,99 €</span>
                                </div>
                           </div> 
                           <h3 style="word-break: break-all;">Mönchshof Bierprobe</h3>
                           
                               
                           
                           
                           <p style=" margin: 0; color: darkgray;font-size: 0.85rem;">8 x 0,5-l-Packung, zzgl. 1.20 Pfand</p>
                           <!--
                           
                           <p style=" margin: 0; color: darkgray;font-size: 0.85rem;">(1 l = 2.50)</p>
                                   -->             
                        </div>             
                    </td>
                
                    <td>
                       <div style="width: 250px;height:400px;padding: 0.25rem;background-color: #d5d5d5;">
                           <div style="background-color: white;height: 244px;position: relative;margin: auto;padding: .25rem;">
                                <img src="https://content-media.bonial.biz/8571523a-c1e0-4095-8cbb-12b76f4098e2/fe5faf2a-2316-415d-8c72-a29f381a76a0.jpg" alt="" draggable="false" style="text-align: center;vertical-align: center;width: 220px;height: 200px;object-fit: contain;">
                                <div style="text-align: right;font-size: 1.25rem;font-weight: bold;color: red;">
                                    
                                    <span>0,29 €</span>
                                </div>
                           </div> 
                           <h3 style="word-break: break-all;">Scenatic Energy Drink</h3>
                           
                               
                           
                           
                           <p style=" margin: 0; color: darkgray;font-size: 0.85rem;">zzgl. 0.25 Pfand 
0,25-l-Dose</p>
                           <!--
                           
                           <p style=" margin: 0; color: darkgray;font-size: 0.85rem;">(1 l = 1.16)</p>
                                   -->             
                        </div>             
                    </td>
                
                    <td>
                       <div style="width: 250px;height:400px;padding: 0.25rem;background-color: #d5d5d5;">
                           <div style="background-color: white;height: 244px;position: relative;margin: auto;padding: .25rem;">
                                <img src="https://content-media.bonial.biz/ed6d8841-72e7-42b7-864a-b1dff3d02304/23b49679-4375-4ccc-bbe3-0204531d20a1.jpg" alt="" draggable="false" style="text-align: center;vertical-align: center;width: 220px;height: 200px;object-fit: contain;">
                                <div style="text-align: right;font-size: 1.25rem;font-weight: bold;color: red;">
                                    
                                    <span>10,99 €</span>
                                </div>
                           </div> 
                           <h3 style="word-break: break-all;">Herforder Pils Bier</h3>
                           
                               
                           
                           
                           <p style=" margin: 0; color: darkgray;font-size: 0.85rem;">versch. Sorten 
27 x 0,33-l-Kiste, zzgl. 3.66 Pfand</p>
                           <!--
                           
                           <p style=" margin: 0; color: darkgray;font-size: 0.85rem;">(1 l = 1.23)</p>
                                   -->             
                        </div>             
                    </td>
                </tr><tr>
                    <td>
                       <div style="width: 250px;height:400px;padding: 0.25rem;background-color: #d5d5d5;">
                           <div style="background-color: white;height: 244px;position: relative;margin: auto;padding: .25rem;">
                                <img src="https://content-media.bonial.biz/5e68e981-0ba9-4b93-a372-37e44784f3c7/e5999e56-6c20-41bc-ac9a-bdf1166dfd34.jpg" alt="" draggable="false" style="text-align: center;vertical-align: center;width: 220px;height: 200px;object-fit: contain;">
                                <div style="text-align: right;font-size: 1.25rem;font-weight: bold;color: red;">
                                    
                                    <span>7,99 €</span>
                                </div>
                           </div> 
                           <h3 style="word-break: break-all;">Der Gute Pott Eierlikör oder Rum</h3>
                           
                               
                           
                           
                           <p style=" margin: 0; color: darkgray;font-size: 0.85rem;">16/40 % Vol.
0,7-l-Flasche</p>
                           <!--
                           
                           <p style=" margin: 0; color: darkgray;font-size: 0.85rem;">(1 l = 11.41)</p>
                                   -->             
                        </div>             
                    </td>
                
                    <td>
                       <div style="width: 250px;height:400px;padding: 0.25rem;background-color: #d5d5d5;">
                           <div style="background-color: white;height: 244px;position: relative;margin: auto;padding: .25rem;">
                                <img src="https://content-media.bonial.biz/5ecb6f3e-a8b5-451e-ac73-cc1bade256b8/082e89d8-e3b3-4632-8d7f-501716af1fe9.jpg" alt="" draggable="false" style="text-align: center;vertical-align: center;width: 220px;height: 200px;object-fit: contain;">
                                <div style="text-align: right;font-size: 1.25rem;font-weight: bold;color: red;">
                                    
                                    <span>11,99 €</span>
                                </div>
                           </div> 
                           <h3 style="word-break: break-all;">Absolut Vodka</h3>
                           
                               
                           
                           
                           <p style=" margin: 0; color: darkgray;font-size: 0.85rem;">versch. Sorten, 40 % Vol.
0,7-l-Flasche</p>
                           <!--
                           
                           <p style=" margin: 0; color: darkgray;font-size: 0.85rem;">(1 l = 17.13)</p>
                                   -->             
                        </div>             
                    </td>
                
                    <td>
                       <div style="width: 250px;height:400px;padding: 0.25rem;background-color: #d5d5d5;">
                           <div style="background-color: white;height: 244px;position: relative;margin: auto;padding: .25rem;">
                                <img src="https://content-media.bonial.biz/63bcbdb8-05b5-4f4e-a7ce-96ad04544f5d/e7e4cfb8-d8fc-45bc-963d-10f9f1d5df48.jpg" alt="" draggable="false" style="text-align: center;vertical-align: center;width: 220px;height: 200px;object-fit: contain;">
                                <div style="text-align: right;font-size: 1.25rem;font-weight: bold;color: red;">
                                    
                                    <span>14,99 €</span>
                                </div>
                           </div> 
                           <h3 style="word-break: break-all;">Jack Daniels Tennessee Whiskey oder Likör</h3>
                           
                               
                           
                           
                           <p style=" margin: 0; color: darkgray;font-size: 0.85rem;">versch. Sorten, 35–40 % Vol. 0,7-l-Flasche</p>
                           <!--
                           
                           <p style=" margin: 0; color: darkgray;font-size: 0.85rem;">(1 l = 21.41)</p>
                                   -->             
                        </div>             
                    </td>
                
                    <td>
                       <div style="width: 250px;height:400px;padding: 0.25rem;background-color: #d5d5d5;">
                           <div style="background-color: white;height: 244px;position: relative;margin: auto;padding: .25rem;">
                                <img src="https://content-media.bonial.biz/e1851723-402b-4f3a-93a3-823f06f84bd9/a4f46dd4-2ba2-4454-8938-f0d261b01e4a.jpg" alt="" draggable="false" style="text-align: center;vertical-align: center;width: 220px;height: 200px;object-fit: contain;">
                                <div style="text-align: right;font-size: 1.25rem;font-weight: bold;color: red;">
                                    
                                    <span>7,99 €</span>
                                </div>
                           </div> 
                           <h3 style="word-break: break-all;">Van Well Whisky-Set Dedalo</h3>
                           
                               
                           
                           
                           <p style=" margin: 0; color: darkgray;font-size: 0.85rem;">beinhaltet Dekanter mit einem Fassungsvermögen von 800 ml und 6 Gläser mit einem Fassungsvermögen von 26 cl, 7-teilig</p>
                           <!--
                           
                           
                                   -->             
                        </div>             
                    </td>
                </tr></tbody></table><table style="margin:2rem auto; border: none;border-spacing: 0.25rem;"><tbody>
            <tr>
                <td colspan="4">
                    <h2 style="margin: 0 0 0.5rem 0;">COMBI (Cappeln)</h2>
                </td>
            </tr>
        
            <tr>
                <td colspan="4">
                    <p style="margin: 0;">Gültig vom 25.3.2024 bis zum 30.3.2024</p>
                </td>
            </tr><tr>
                    <td>
                       <div style="width: 250px;height:400px;padding: 0.25rem;background-color: #d5d5d5;">
                           <div style="background-color: white;height: 244px;position: relative;margin: auto;padding: .25rem;">
                                <img src="https://content-media.bonial.biz/64d17ff1-9a8a-449e-9d5a-306416644396/6d641aa0-ca25-444a-bc2c-dd02aa59356b.jpg" alt="" draggable="false" style="text-align: center;vertical-align: center;width: 220px;height: 200px;object-fit: contain;">
                                <div style="text-align: right;font-size: 1.25rem;font-weight: bold;color: red;">
                                    
                                    <span>9,49 €</span>
                                </div>
                           </div> 
                           <h3 style="word-break: break-all;">Coca-Cola</h3>
                           
                               
                           
                           
                           <p style=" margin: 0; color: darkgray;font-size: 0.85rem;">versch. Sorten 
12 x 1-l-Kiste, zzgl. 3.30 Pfand</p>
                           <!--
                           
                           <p style=" margin: 0; color: darkgray;font-size: 0.85rem;">(1 l = 0.79)</p>
                                   -->             
                        </div>             
                    </td>
                
                    <td>
                       <div style="width: 250px;height:400px;padding: 0.25rem;background-color: #d5d5d5;">
                           <div style="background-color: white;height: 244px;position: relative;margin: auto;padding: .25rem;">
                                <img src="https://content-media.bonial.biz/c5528f41-7a5d-4860-ad4b-b77994b57477/0f411ec2-4811-4bac-ba0f-3aee9ae258b5.jpg" alt="" draggable="false" style="text-align: center;vertical-align: center;width: 220px;height: 200px;object-fit: contain;">
                                <div style="text-align: right;font-size: 1.25rem;font-weight: bold;color: red;">
                                    
                                    <span>5,99 €</span>
                                </div>
                           </div> 
                           <h3 style="word-break: break-all;">St. Hubertus Tropfen</h3>
                           
                               
                           
                           
                           <p style=" margin: 0; color: darkgray;font-size: 0.85rem;">versch. Sorten, 15,3–30 % Vol., 24 x 0,02-l-Packung</p>
                           <!--
                           
                           <p style=" margin: 0; color: darkgray;font-size: 0.85rem;">(1 l = 12.48)</p>
                                   -->             
                        </div>             
                    </td>
                
                    <td>
                       <div style="width: 250px;height:400px;padding: 0.25rem;background-color: #d5d5d5;">
                           <div style="background-color: white;height: 244px;position: relative;margin: auto;padding: .25rem;">
                                <img src="https://content-media.bonial.biz/107c1fba-3706-4789-8aef-bca3d2465bc1/e9beecbd-12d9-49ca-8915-c1a7d16278d7.jpg" alt="" draggable="false" style="text-align: center;vertical-align: center;width: 220px;height: 200px;object-fit: contain;">
                                <div style="text-align: right;font-size: 1.25rem;font-weight: bold;color: red;">
                                    
                                    <span>10,99 €</span>
                                </div>
                           </div> 
                           <h3 style="word-break: break-all;">Warsteiner Pilsener</h3>
                           
                               
                           
                           
                           <p style=" margin: 0; color: darkgray;font-size: 0.85rem;">versch. Sorten, 24 x 0,33-l-/20 x 0,5-l-Kiste zzgl. 3.10/3.42 Pfand</p>
                           <!--
                           
                           <p style=" margin: 0; color: darkgray;font-size: 0.85rem;">(1 l = 1.10/1.39)</p>
                                   -->             
                        </div>             
                    </td>
                
                    <td>
                       <div style="width: 250px;height:400px;padding: 0.25rem;background-color: #d5d5d5;">
                           <div style="background-color: white;height: 244px;position: relative;margin: auto;padding: .25rem;">
                                <img src="https://content-media.bonial.biz/afe3c470-08cb-4524-b227-97835e64d078/d3874ad5-8226-483b-a878-d087e0f6e0db.jpg" alt="" draggable="false" style="text-align: center;vertical-align: center;width: 220px;height: 200px;object-fit: contain;">
                                <div style="text-align: right;font-size: 1.25rem;font-weight: bold;color: red;">
                                    
                                    <span>1,29 €</span>
                                </div>
                           </div> 
                           <h3 style="word-break: break-all;">Coca-Cola</h3>
                           
                               
                           
                           
                           <p style=" margin: 0; color: darkgray;font-size: 0.85rem;">versch. Sorten, 2-l-Flasche, zzgl. 0.25 Pfand</p>
                           <!--
                           
                           <p style=" margin: 0; color: darkgray;font-size: 0.85rem;">(1 l = 0.65)</p>
                                   -->             
                        </div>             
                    </td>
                </tr><tr>
                    <td>
                       <div style="width: 250px;height:400px;padding: 0.25rem;background-color: #d5d5d5;">
                           <div style="background-color: white;height: 244px;position: relative;margin: auto;padding: .25rem;">
                                <img src="https://content-media.bonial.biz/fb1173a4-28a4-4563-87bd-2be18057d2da/98527a73-ed40-447d-a3a6-53e822bc6ad6.jpg" alt="" draggable="false" style="text-align: center;vertical-align: center;width: 220px;height: 200px;object-fit: contain;">
                                <div style="text-align: right;font-size: 1.25rem;font-weight: bold;color: red;">
                                    
                                    <span>29,99 €</span>
                                </div>
                           </div> 
                           <h3 style="word-break: break-all;">St.Hubertus Tropfen Spielepack</h3>
                           
                               
                           
                           
                           <p style=" margin: 0; color: darkgray;font-size: 0.85rem;">96 x 0,02-l-Packung</p>
                           <!--
                           
                           <p style=" margin: 0; color: darkgray;font-size: 0.85rem;">(1 l = 166.61)</p>
                                   -->             
                        </div>             
                    </td>
                
                    <td>
                       <div style="width: 250px;height:400px;padding: 0.25rem;background-color: #d5d5d5;">
                           <div style="background-color: white;height: 244px;position: relative;margin: auto;padding: .25rem;">
                                <img src="https://content-media.bonial.biz/3ecf5227-95dd-474c-80ce-c7efa67a7a9b/dcdbd5f3-1a7d-425a-b9e4-e75cde6c8b99.jpg" alt="" draggable="false" style="text-align: center;vertical-align: center;width: 220px;height: 200px;object-fit: contain;">
                                <div style="text-align: right;font-size: 1.25rem;font-weight: bold;color: red;">
                                    
                                    <span>12,99 €</span>
                                </div>
                           </div> 
                           <h3 style="word-break: break-all;">Franziskaner Weissbier Bier</h3>
                           
                               
                           
                           
                           <p style=" margin: 0; color: darkgray;font-size: 0.85rem;">versch. Sorten 
20 x 0,5-l-Kiste, zzgl. 3.10 Pfand</p>
                           <!--
                           
                           <p style=" margin: 0; color: darkgray;font-size: 0.85rem;">(1 l = 1.30)</p>
                                   -->             
                        </div>             
                    </td>
                
                    <td>
                       <div style="width: 250px;height:400px;padding: 0.25rem;background-color: #d5d5d5;">
                           <div style="background-color: white;height: 244px;position: relative;margin: auto;padding: .25rem;">
                                <img src="https://content-media.bonial.biz/574c8db7-a462-45eb-920b-3ffa4f5bf9f1/472804ff-5f17-47d4-8e16-7430a048be8e.jpg" alt="" draggable="false" style="text-align: center;vertical-align: center;width: 220px;height: 200px;object-fit: contain;">
                                <div style="text-align: right;font-size: 1.25rem;font-weight: bold;color: red;">
                                    
                                    <span>3,79 €</span>
                                </div>
                           </div> 
                           <h3 style="word-break: break-all;">Beck‘s Spitzen Pilsener</h3>
                           
                               
                           
                           
                           <p style=" margin: 0; color: darkgray;font-size: 0.85rem;">versch. Sorten,
6 x 0,33-l-Packung, zzgl. 0.48 Pfand</p>
                           <!--
                           
                           <p style=" margin: 0; color: darkgray;font-size: 0.85rem;">(1 l = 1.91)</p>
                                   -->             
                        </div>             
                    </td>
                
                    <td>
                       <div style="width: 250px;height:400px;padding: 0.25rem;background-color: #d5d5d5;">
                           <div style="background-color: white;height: 244px;position: relative;margin: auto;padding: .25rem;">
                                <img src="https://content-media.bonial.biz/369ef26a-d5c3-406b-bfa1-ff0e09c17190/e77a5175-078c-4f25-bc97-7ba8a141e9bb.jpg" alt="" draggable="false" style="text-align: center;vertical-align: center;width: 220px;height: 200px;object-fit: contain;">
                                <div style="text-align: right;font-size: 1.25rem;font-weight: bold;color: red;">
                                    
                                    <span>10,99 €</span>
                                </div>
                           </div> 
                           <h3 style="word-break: break-all;">Jim Beam Kentucky Straight Bourbon Whiskey oder Likör</h3>
                           
                               
                           
                           
                           <p style=" margin: 0; color: darkgray;font-size: 0.85rem;">versch. Sorten, 35/40 % Vol.,
0,7-l-Flasche</p>
                           <!--
                           
                           <p style=" margin: 0; color: darkgray;font-size: 0.85rem;">(1 l = 15.70)</p>
                                   -->             
                        </div>             
                    </td>
                </tr><tr>
                    <td>
                       <div style="width: 250px;height:400px;padding: 0.25rem;background-color: #d5d5d5;">
                           <div style="background-color: white;height: 244px;position: relative;margin: auto;padding: .25rem;">
                                <img src="https://content-media.bonial.biz/c0d175b2-6581-4982-ac7f-9010ab415fc4/01f62384-4568-440d-9766-e3f72c619bdc.jpg" alt="" draggable="false" style="text-align: center;vertical-align: center;width: 220px;height: 200px;object-fit: contain;">
                                <div style="text-align: right;font-size: 1.25rem;font-weight: bold;color: red;">
                                    
                                    <span>17,99 €</span>
                                </div>
                           </div> 
                           <h3 style="word-break: break-all;">Heydt 1860 Feiner alter Korn</h3>
                           
                               
                           
                           
                           <p style=" margin: 0; color: darkgray;font-size: 0.85rem;">fassgelagert, 34,1 % Vol.,
0,5-l-Flasche</p>
                           <!--
                           
                           <p style=" margin: 0; color: darkgray;font-size: 0.85rem;">(1 l = 35.98)</p>
                                   -->             
                        </div>             
                    </td>
                </tr></tbody></table><table style="margin:2rem auto; border: none;border-spacing: 0.25rem;"><tbody>
            <tr>
                <td colspan="4">
                    <h2 style="margin: 0 0 0.5rem 0;">NETTO (Cappeln)</h2>
                </td>
            </tr>
        <tr>
                    <td>
                       <div style="width: 250px;height:400px;padding: 0.25rem;background-color: #d5d5d5;">
                           <div style="background-color: white;height: 244px;position: relative;margin: auto;padding: .25rem;">
                                <img src="https://www.netto-online.de/media_nfs/images/2024-13/744071-310x280-Zinselhof-Weinbergpfirsich-Likoer-helle-Flasche-n.jpg" alt="" draggable="false" style="text-align: center;vertical-align: center;width: 220px;height: 200px;object-fit: contain;">
                                <div style="text-align: right;font-size: 1.25rem;font-weight: bold;color: red;">
                                    
                                    <span>5,49 €</span>
                                </div>
                           </div> 
                           <h3 style="word-break: break-all;">Zinselhof Liköre</h3>
                           
                               
                           
                           
                           <p style=" margin: 0; color: darkgray;font-size: 0.85rem;">versch. Sorten, 17 – 20% Vol.</p>
                           <!--
                           <p style=" margin: 0; color: darkgray;font-size: 0.85rem;">10.98 / l</p>
                           <p style=" margin: 0; color: darkgray;font-size: 0.85rem;">0,5 l</p>
                                   -->             
                        </div>             
                    </td>
                
                    <td>
                       <div style="width: 250px;height:400px;padding: 0.25rem;background-color: #d5d5d5;">
                           <div style="background-color: white;height: 244px;position: relative;margin: auto;padding: .25rem;">
                                <img src="https://www.netto-online.de/media_nfs/images/2024-13/870340-310x280-victoire-Prestige-Brut--n.jpg" alt="" draggable="false" style="text-align: center;vertical-align: center;width: 220px;height: 200px;object-fit: contain;">
                                <div style="text-align: right;font-size: 1.25rem;font-weight: bold;color: red;">
                                    
                                    <span>9,99 €</span>
                                </div>
                           </div> 
                           <h3 style="word-break: break-all;">Champagne Victoire Prestige Brut</h3>
                           
                               
                           
                           
                           
                           <!--
                           <p style=" margin: 0; color: darkgray;font-size: 0.85rem;">26.64 / l</p>
                           <p style=" margin: 0; color: darkgray;font-size: 0.85rem;">0,375 l</p>
                                   -->             
                        </div>             
                    </td>
                
                    <td>
                       <div style="width: 250px;height:400px;padding: 0.25rem;background-color: #d5d5d5;">
                           <div style="background-color: white;height: 244px;position: relative;margin: auto;padding: .25rem;">
                                <img src="https://www.netto-online.de/media_nfs/images/2024-13/823210-310x280-Freixenet-im-kart-n.jpg" alt="" draggable="false" style="text-align: center;vertical-align: center;width: 220px;height: 200px;object-fit: contain;">
                                <div style="text-align: right;font-size: 1.25rem;font-weight: bold;color: red;">
                                    
                                    <span>22,00 €</span>
                                </div>
                           </div> 
                           <h3 style="word-break: break-all;">Freixenet Premium Cava Carta Nevada</h3>
                           
                               
                           Rabatt in Prozent: -43 %
                           
                           <p style=" margin: 0; color: darkgray;font-size: 0.85rem;">versch. Sorten
Einzelpreis: 6.49 (8.65 / l)</p>
                           <!--
                           <p style=" margin: 0; color: darkgray;font-size: 0.85rem;">4.89 / l</p>
                           <p style=" margin: 0; color: darkgray;font-size: 0.85rem;">6 x 0,75 l</p>
                                   -->             
                        </div>             
                    </td>
                
                    <td>
                       <div style="width: 250px;height:400px;padding: 0.25rem;background-color: #d5d5d5;">
                           <div style="background-color: white;height: 244px;position: relative;margin: auto;padding: .25rem;">
                                <img src="https://www.netto-online.de/media_nfs/images/2024-13/757904-310x280-Limoncello-neue-Flasche-n.jpg" alt="" draggable="false" style="text-align: center;vertical-align: center;width: 220px;height: 200px;object-fit: contain;">
                                <div style="text-align: right;font-size: 1.25rem;font-weight: bold;color: red;">
                                    
                                    <span>4,99 €</span>
                                </div>
                           </div> 
                           <h3 style="word-break: break-all;">Limoncello</h3>
                           
                           <h5 style=" margin: 0; color: darkgray;font-size: 0.85rem;">Gesonderter Rabatt (z.B. mit Kundenkarte o.ä.): 4,49 € </h5>    
                           
                           
                           <p style=" margin: 0; color: darkgray;font-size: 0.85rem;">30% Vol. Netto-App-Preis: 4.49 (8.98 / l)Gewährung eines Netto-App-Preises nur bei Einlösung des zugehörigen App-Coupons. Weitere Infos im Bereich "Coupons" der Netto-App.</p>
                           <!--
                           <p style=" margin: 0; color: darkgray;font-size: 0.85rem;">9.98 / l</p>
                           <p style=" margin: 0; color: darkgray;font-size: 0.85rem;">0,5 l</p>
                                   -->             
                        </div>             
                    </td>
                </tr><tr>
                    <td>
                       <div style="width: 250px;height:400px;padding: 0.25rem;background-color: #d5d5d5;">
                           <div style="background-color: white;height: 244px;position: relative;margin: auto;padding: .25rem;">
                                <img src="https://www.netto-online.de/media_nfs/images/2024-13/417707-310x280-Paulaner-Spezi-Einzelflasche-und-Kiste-neu-n.jpg" alt="" draggable="false" style="text-align: center;vertical-align: center;width: 220px;height: 200px;object-fit: contain;">
                                <div style="text-align: right;font-size: 1.25rem;font-weight: bold;color: red;">
                                    
                                    <span>9,99 €</span>
                                </div>
                           </div> 
                           <h3 style="word-break: break-all;">Spezi</h3>
                           
                               
                           Rabatt in Prozent: -31 %
                           
                           <p style=" margin: 0; color: darkgray;font-size: 0.85rem;">koffeinhaltig</p>
                           <!--
                           <p style=" margin: 0; color: darkgray;font-size: 0.85rem;">1.- / l</p>
                           <p style=" margin: 0; color: darkgray;font-size: 0.85rem;">20 x 0,5 l</p>
                                   -->             
                        </div>             
                    </td>
                
                    <td>
                       <div style="width: 250px;height:400px;padding: 0.25rem;background-color: #d5d5d5;">
                           <div style="background-color: white;height: 244px;position: relative;margin: auto;padding: .25rem;">
                                <img src="https://www.netto-online.de/media_nfs/images/2024-13/871161-310x280-Pfanner-Sparkling-Eistee-Peach-und-Lemon-n.jpg" alt="" draggable="false" style="text-align: center;vertical-align: center;width: 220px;height: 200px;object-fit: contain;">
                                <div style="text-align: right;font-size: 1.25rem;font-weight: bold;color: red;">
                                    
                                    <span>0,59 €</span>
                                </div>
                           </div> 
                           <h3 style="word-break: break-all;">Pfanner Sparkling Eistee</h3>
                           
                               
                           
                           
                           <p style=" margin: 0; color: darkgray;font-size: 0.85rem;">versch. Sorten</p>
                           <!--
                           <p style=" margin: 0; color: darkgray;font-size: 0.85rem;">1.79 / l</p>
                           <p style=" margin: 0; color: darkgray;font-size: 0.85rem;">0,33 l</p>
                                   -->             
                        </div>             
                    </td>
                
                    <td>
                       <div style="width: 250px;height:400px;padding: 0.25rem;background-color: #d5d5d5;">
                           <div style="background-color: white;height: 244px;position: relative;margin: auto;padding: .25rem;">
                                <img src="https://www.netto-online.de/media_nfs/images/2024-13/424499-310x280-heineken-6erpack-n.jpg" alt="" draggable="false" style="text-align: center;vertical-align: center;width: 220px;height: 200px;object-fit: contain;">
                                <div style="text-align: right;font-size: 1.25rem;font-weight: bold;color: red;">
                                    
                                    <span>4,99 €</span>
                                </div>
                           </div> 
                           <h3 style="word-break: break-all;">Heineken Premium Beer</h3>
                           
                               
                           Rabatt in Prozent: -16 %
                           
                           
                           <!--
                           <p style=" margin: 0; color: darkgray;font-size: 0.85rem;">2.52 / l</p>
                           <p style=" margin: 0; color: darkgray;font-size: 0.85rem;">6 x 0,33 l</p>
                                   -->             
                        </div>             
                    </td>
                
                    <td>
                       <div style="width: 250px;height:400px;padding: 0.25rem;background-color: #d5d5d5;">
                           <div style="background-color: white;height: 244px;position: relative;margin: auto;padding: .25rem;">
                                <img src="https://www.netto-online.de/media_nfs/images/2024-13/400280-310x280-Warsteiner-Premium-Pilsener-Kiste-rechts-und-links-Flasche-neu-n.jpg" alt="" draggable="false" style="text-align: center;vertical-align: center;width: 220px;height: 200px;object-fit: contain;">
                                <div style="text-align: right;font-size: 1.25rem;font-weight: bold;color: red;">
                                    
                                    <span>10,99 €</span>
                                </div>
                           </div> 
                           <h3 style="word-break: break-all;">Warsteiner Premium Pilsener</h3>
                           
                               
                           Rabatt in Prozent: -30 %
                           
                           
                           <!--
                           <p style=" margin: 0; color: darkgray;font-size: 0.85rem;">1.39 / l</p>
                           <p style=" margin: 0; color: darkgray;font-size: 0.85rem;">24 x 0,33 l</p>
                                   -->             
                        </div>             
                    </td>
                </tr><tr>
                    <td>
                       <div style="width: 250px;height:400px;padding: 0.25rem;background-color: #d5d5d5;">
                           <div style="background-color: white;height: 244px;position: relative;margin: auto;padding: .25rem;">
                                <img src="https://www.netto-online.de/media_nfs/images/2024-13/19392-310x280-Stardrink-Tonic-Water-neu-n.jpg" alt="" draggable="false" style="text-align: center;vertical-align: center;width: 220px;height: 200px;object-fit: contain;">
                                <div style="text-align: right;font-size: 1.25rem;font-weight: bold;color: red;">
                                    
                                    <span>0,59 €</span>
                                </div>
                           </div> 
                           <h3 style="word-break: break-all;">Bittergetränke</h3>
                           
                               
                           Rabatt in Prozent: -19 %
                           
                           <p style=" margin: 0; color: darkgray;font-size: 0.85rem;">versch. Sorten</p>
                           <!--
                           <p style=" margin: 0; color: darkgray;font-size: 0.85rem;">0.39 / l</p>
                           <p style=" margin: 0; color: darkgray;font-size: 0.85rem;">1,5 l</p>
                                   -->             
                        </div>             
                    </td>
                
                    <td>
                       <div style="width: 250px;height:400px;padding: 0.25rem;background-color: #d5d5d5;">
                           <div style="background-color: white;height: 244px;position: relative;margin: auto;padding: .25rem;">
                                <img src="https://www.netto-online.de/media_nfs/images/2024-13/444948-310x280-Stardrink-Cola-und-Zero-6er-05-l-n.jpg" alt="" draggable="false" style="text-align: center;vertical-align: center;width: 220px;height: 200px;object-fit: contain;">
                                <div style="text-align: right;font-size: 1.25rem;font-weight: bold;color: red;">
                                    
                                    <span>1,99 €</span>
                                </div>
                           </div> 
                           <h3 style="word-break: break-all;">Stardrink Cola oder Zero</h3>
                           
                               
                           
                           
                           <p style=" margin: 0; color: darkgray;font-size: 0.85rem;">koffeinhaltig</p>
                           <!--
                           <p style=" margin: 0; color: darkgray;font-size: 0.85rem;">0.66 / l</p>
                           <p style=" margin: 0; color: darkgray;font-size: 0.85rem;">6 x 0,5 l</p>
                                   -->             
                        </div>             
                    </td>
                
                    <td>
                       <div style="width: 250px;height:400px;padding: 0.25rem;background-color: #d5d5d5;">
                           <div style="background-color: white;height: 244px;position: relative;margin: auto;padding: .25rem;">
                                <img src="https://www.netto-online.de/media_nfs/images/2024-13/867944-310x280-Hohes-C-leichte-Orange-n.jpg" alt="" draggable="false" style="text-align: center;vertical-align: center;width: 220px;height: 200px;object-fit: contain;">
                                <div style="text-align: right;font-size: 1.25rem;font-weight: bold;color: red;">
                                    
                                    <span>1,49 €</span>
                                </div>
                           </div> 
                           <h3 style="word-break: break-all;">Hohes C oder Hohes C Plus</h3>
                           
                               
                           
                           
                           <p style=" margin: 0; color: darkgray;font-size: 0.85rem;">versch. Sorten</p>
                           <!--
                           
                           <p style=" margin: 0; color: darkgray;font-size: 0.85rem;">1 Liter</p>
                                   -->             
                        </div>             
                    </td>
                
                    <td>
                       <div style="width: 250px;height:400px;padding: 0.25rem;background-color: #d5d5d5;">
                           <div style="background-color: white;height: 244px;position: relative;margin: auto;padding: .25rem;">
                                <img src="https://www.netto-online.de/media_nfs/images/2024-13/13463-310x280-Pircher-Williams-und-Mirabellen-n.jpg" alt="" draggable="false" style="text-align: center;vertical-align: center;width: 220px;height: 200px;object-fit: contain;">
                                <div style="text-align: right;font-size: 1.25rem;font-weight: bold;color: red;">
                                    
                                    <span>14,99 €</span>
                                </div>
                           </div> 
                           <h3 style="word-break: break-all;">Pircher Spirituosen</h3>
                           
                               
                           
                           
                           <p style=" margin: 0; color: darkgray;font-size: 0.85rem;">versch. Sorten, 30 – 40% Vol.</p>
                           <!--
                           <p style=" margin: 0; color: darkgray;font-size: 0.85rem;">21.41 / l</p>
                           <p style=" margin: 0; color: darkgray;font-size: 0.85rem;">0,7 l</p>
                                   -->             
                        </div>             
                    </td>
                </tr><tr>
                    <td>
                       <div style="width: 250px;height:400px;padding: 0.25rem;background-color: #d5d5d5;">
                           <div style="background-color: white;height: 244px;position: relative;margin: auto;padding: .25rem;">
                                <img src="https://www.netto-online.de/media_nfs/images/2024-13/833485-310x280-Baileys-Original-mit-Gratis-Pralinen-n.jpg" alt="" draggable="false" style="text-align: center;vertical-align: center;width: 220px;height: 200px;object-fit: contain;">
                                <div style="text-align: right;font-size: 1.25rem;font-weight: bold;color: red;">
                                    
                                    <span>9,99 €</span>
                                </div>
                           </div> 
                           <h3 style="word-break: break-all;">Baileys The Original Irish Cream Liqueur</h3>
                           
                               
                           Rabatt in Prozent: -23 %
                           
                           <p style=" margin: 0; color: darkgray;font-size: 0.85rem;">17% Vol. Baileys
Pralinen GRATIS!</p>
                           <!--
                           <p style=" margin: 0; color: darkgray;font-size: 0.85rem;">14.27 / l</p>
                           <p style=" margin: 0; color: darkgray;font-size: 0.85rem;">0,7 l</p>
                                   -->             
                        </div>             
                    </td>
                </tr></tbody></table>
        </body>
        </html>
    